2896 4792
342 232 411 279 uus.
427 230 500 278 xvi.
531 230 609 278 esu.
625 230 724 277 xm.
739 229 825 277 m.
854 227 951 276 sucu.
967 228 1050 272 eeu.
1210 206 1251 275 st

138 409 212 453 nem
233 384 344 451 rustici
364 392 496 462 vocent,
522 380 680 471 gestiente
706 391 822 447 nature
844 380 965 446 semine
984 379 1130 465 eoeipere
1151 398 1252 463 euque

138 487 278 555 animem
298 487 423 553 ferente
444 482 592 551 omnibus
621 484 707 551 setis.
746 480 941 568 Conoipiunt
966 480 1065 547 variis
1087 479 1201 546 diebus
1221 491 1254 546 et

138 611 198 677 pro
220 610 280 656 sue
299 608 447 673 quosque
467 596 591 664 nature,
620 586 683 652 elie
703 585 861 673 protinus,
883 594 919 649 ut
939 582 1102 661 animalia,
1132 581 1254 648 tardius
1317 630 1324 651 t

139 689 247 774 ulique
275 700 308 755 et
336 688 457 754 diutius
484 686 620 775 gravide
647 697 758 774 pertus
786 696 919 774 gerunt,
953 684 1040 770 quod
1065 683 1255 772 germinatio

138 791 212 859 ideo
240 802 391 870 vooetur3
424 789 554 877 pariunt
579 811 656 856 vero
683 812 757 856 oum
783 788 897 855 florent
922 786 1045 872 flosque
1071 786 1124 852 ille
1152 784 1256 873 ruptis

140 902 268 963 oonstet
286 891 448 971 utrioulie3
478 891 538 959 sed
565 890 713 958 educatio
734 891 768 957 in
789 911 885 978 pomo
907 900 973 967 est3
1002 888 1062 954 hoo
1083 898 1116 955 et
1136 887 1255 976 germi-

140 995 240 1074 netio,
262 994 418 1061 laborum

182 1098 236 1162 40.
263 1095 343 1162 Flos
364 1104 414 1162 est
433 1093 520 1181 pleni
541 1094 626 1161 veris
641 1093 801 1161 indicium
821 1105 854 1160 et
874 1093 949 1160 anni
969 1093 1176 1172 renascentis,
1197 1090 1257 1158 flos
1270 1108 1302 1154 ee

141 1198 298 1288 gaudium
318 1197 478 1264 arborum.
500 1195 593 1263 Tune
615 1218 650 1263 ee
671 1218 772 1262 novas
793 1196 935 1281 eliasque
948 1218 1045 1281 quem
1059 1206 1133 1262 sunt
1147 1204 1257 1261 osten·

142 1301 238 1379 dunt,
269 1309 345 1365 tune
366 1298 464 1365 variis
486 1298 627 1365 oolorum
649 1298 783 1385 picturis
804 1297 838 1363 in
859 1310 1017 1364 oertemen
1038 1320 1142 1383 usque
1162 1299 1258 1364 luxu·

112 1402 114 1407 ’
141 1401 237 1467 riuut.
275 1397 344 1467 Sed
364 1400 426 1467 hoo
445 1409 598 1488 uegetum
617 1399 794 1486 plerisque;
815 1422 880 1466 uon
902 1401 986 1465 enim
1006 1422 1115 1479 omnes
1135 1398 1258 1479 florent,

143 1512 179 1571 st
199 1512 275 1569 eunt
295 1501 405 1571 tristes
427 1523 572 1586 quaeque
593 1524 656 1567 non
678 1501 816 1566 sentient
836 1501 956 1590 gaudie
976 1523 1141 1566 annorum.
1176 1499 1260 1566 Nem

103 1670 107 1677 .
143 1626 249 1691 neque
270 1603 352 1682 ilex,
379 1603 487 1691 piosa,
507 1604 603 1682 larix,
630 1603 726 1691 pinus
748 1603 812 1669 ullo
832 1603 911 1669 flore
933 1603 1148 1671 exhilaranun
1168 1612 1260 1667 nete·

144 1704 226 1773 lisve
246 1728 416 1792 pomorum
435 1728 557 1772 annuos
578 1705 766 1773 versicolori
786 1705 899 1771 nuntio
914 1706 1112 1791 promittunt,
1133 1727 1194 1771 neo
1206 1703 1260 1769 fioi

145 1818 242 1892 etque
264 1807 405 1894 oapu‘fioi
410 1831 420 1884 3
443 1808 589 1894 protinus
610 1807 695 1874 enim
716 1807 858 1874 fructum
878 1830 937 1895 pro
956 1807 1034 1874 flore
1052 1802 1200 1894 gignunt
1222 1805 1261 1871 In
1274 1820 1306 1868 to

143 1909 214 1977 iioie
240 1909 401 1976 mirabiles
430 1920 505 1975 eunt
531 1921 562 1975 et
587 1909 718 1976 obortus
744 1909 800 1994 qui
826 1932 998 1995 numquam
1027 1918 1261 1986 maturescunt3

145 2033 206 2077 neo
226 2011 365 2099 iuniperi
384 2011 509 2078 florent
532 2009 673 2093 Quidem
695 2033 805 2077 eorum
827 2011 892 2077 duo
912 2034 1032 2101 genera
1046 2012 1193 2076 tradunt:
1215 2010 1262 2075 ul·

147 2125 249 2181 terem
269 2112 464 2181 florereneo
483 2113 577 2193 ferie,
600 2136 683 2199 quoe
705 2135 782 2180 vero
800 2136 864 2179 non
878 2112 999 2193 florent,
1021 2116 1105 2181 ferre
1118 2114 1264 2201 protinus

146 2214 236 2281 beois
264 2214 470 2282 nascentibus
507 2237 589 2300 quae
617 2214 745 2281 biennio
773 2214 944 2292 haereant3
982 2217 1040 2282 sed
1070 2217 1105 2282 id
1136 2217 1264 2295 falsum,

147 2316 361 2402 omnibusque
381 2317 431 2382 his
453 2309 535 2383 dure
556 2317 656 2385 fooies
678 2336 814 2403 semper.
843 2313 900 2384 Sio
921 2330 953 2385 et
973 2317 1136 2385 hominum
1156 2316 1265 2383 multis

146 2416 278 2485 fortune
301 2418 369 2485 siue
390 2418 467 2484 flore
489 2430 547 2484 est.

190 2521 242 2586 41.
283 2517 406 2586 Omnes
438 2530 544 2586 eutem
575 2522 772 2608 germinent,
805 2522 901 2587 etiem
932 2543 1014 2607 quoe
1045 2545 1108 2588 non
1140 2520 1264 2598 florent,
1279 2534 1310 2580 et

151 2642 267 2710 mogus
288 2633 322 2689 et
342 2622 483 2689 looorum
501 2622 692 2702 differentia,
715 2623 835 2708 quippe
858 2645 931 2688 oum
952 2647 992 2689 ex
1014 2623 1126 2689 eodem
1147 2645 1265 2712 genere

152 2744 232 2807 quae
254 2724 384 2789 suntin
404 2723 601 2810 palustribus
622 2725 731 2811 priore
751 2725 945 2813 germinent,
967 2746 1042 2788 mox
1064 2723 1265 2811 campestris,

149 2825 325 2893 novissime
345 2826 380 2892 in
401 2826 507 2903 silvie3
529 2848 589 2912 per
609 2849 643 2892 se
658 2837 767 2892 eutem
781 2826 904 2892 tardius
917 2826 980 2914 piri
994 2827 1155 2892 silvestres
1170 2848 1267 2912 quem

149 2939 267 2994 cetere.
288 2926 399 2994 Primo
416 2928 544 2995 favonio
566 2950 693 3008 cornus,
715 2951 872 3014 proxume
892 2929 1002 2995 laurus
1022 2928 1181 3016 pauloque
1194 2938 1266 2994 ente

149 3028 389 3114 aequinoctium
413 3029 495 3110 tilia,
522 3054 610 3110 acer,
632 3030 715 3096 inter
735 3031 856 3118 primus
877 3054 952 3098 vero
973 3033 1126 3118 populus,
1148 3031 1266 3111 ulmus,

149 3216 205 3268 dius
219 3216 311 3283 altono,
327 3221 394 3271 Piut.
413 3263 444 3271 -
469 3229 572 3286 equom,
583 3238 603 3272 r.
628 3261 652 3270 -
677 3220 725 3286 tto,
739 3223 763 3272 d.
789 3220 841 3284 itta,
854 3238 878 3273 ea
896 3263 928 3272 ..
950 3221 1033 3287 neptis,
1045 3226 1069 3274 d.
1096 3220 1266 3287 epromptim.

149 3302 164 3334 e
175 3287 302 3351 promptis,
318 3304 338 3338 r.
357 3288 452 3352 flosque
463 3288 527 3339 ills'oo
538 3289 615 3353 ruptio
625 3298 710 3350 astat,
724 3291 815 3342 Doleo.
833 3331 865 3340 ..
888 3288 1001 3351 omitto,
1014 3293 1054 3340 dr.
1079 3288 1215 3353 utn'euliet
1234 3330 1266 3340 -

149 3352 200 3416 eet,
212 3371 253 3405 er.
272 3356 360 3408 Omitt
374 3353 444 3421 ᾱβγ.
463 3399 494 3407 ..
518 3356 633 3420 οόιιεαῑίο,
646 3359 670 3408 d.
692 3357 816 3420 dubitatio,
828 3375 868 3409 ur.
880 3360 882 3365 ’
895 3357 1031 3420 dubitatio,
1047 3350 1076 3408 θ.
1094 3400 1126 3408 -
1147 3358 1267 3424 germino-

151 3421 184 3471 tt'o
196 3421 310 3485 laborum,
323 3425 395 3475 Ted.
412 3425 561 3489 germinatio.
584 3426 710 3486 Arborurn,
720 3422 750 3488 β.
765 3443 843 3490 pomo.
866 3424 914 3474 Est
924 3433 948 3474 st
957 3425 1000 3474 toa
1011 3434 1038 3474 ut
1046 3425 1187 3491 geminatio
1197 3427 1268 3475 orbo-

150 3506 215 3552 ruru,
231 3491 265 3542 Κ.
291 3492 357 3543 Cum
373 3502 399 3543 st
414 3489 574 3558 scripturuss
594 3503 619 3544 et
635 3496 758 3558 scripture
774 3496 889 3544 oodtoum
909 3495 1087 3558 grammaticos
1103 3510 1156 3546 nou
1171 3493 1268 3545 sotieta-

150 3559 213 3621 eiat,
230 3567 337 3622 utreque
352 3564 540 3624 quodammodo
556 3563 623 3612 inter
637 3577 664 3611 se
679 3562 825 3613 consociate
840 3562 975 3626 legendum
991 3570 1029 3614 est
1045 3562 1185 3627 germinatio
1202 3560 1269 3609 labor

150 3626 270 3677 erbonem.
287 3626 348 3678 Flos
359 3628 403 3678 rel.
416 3629 474 3679 coll.
483 3629 536 3693 flos
547 3637 581 3678 est
590 3628 705 3695 quodiam
716 3631 825 3679 orborum
837 3629 852 3691 §
865 3637 905 3681 95.

185 3713 255 3775 §to
278 3710 423 3776 plerumque,
435 3730 455 3764 r.
473 3755 505 3764 ..
527 3715 657 3776 nonenim,
675 3717 699 3764 d.
726 3714 885 3777 nomentum,
912 3730 968 3764 nom
983 3731 1037 3778 nso,
1053 3733 1072 3766 r.
1092 3755 1123 3764 ..
1147 3713 1268 3774 enitent

152 3776 451 3846 tristesquoodom,dss7.
471 3823 502 3832 -
528 3798 641 3846 quaeque,
658 3799 682 3833 e.
708 3798 814 3846 quaeque
829 3791 863 3844 ot,
880 3784 904 3833 d.
922 3824 954 3833 -
974 3783 1117 3842 mnootr.
1135 3822 1167 3830 -
1191 3779 1269 3831 Num·

151 3849 305 3981 pagatim}
322 3864 420 3911 annuos,
432 3866 456 3900 e.
481 3865 589 3900 recursus
604 3846 702 3914 annuos,
719 3847 790 3916 ᾱβγ.
808 3891 840 3901 ..
860 3867 907 3916 pro
915 3853 989 3917 flore,
1003 3853 1050 3904 D'2.
1067 3849 1141 3915 flore,
1152 3849 1200 3900 Dt
1218 3846 1269 3912 fio-

187 3952 256 4064 ἐθθ.
277 4001 391 4063 abortivi,
407 4019 428 4052 r.
445 4044 477 4052 -
500 4018 586 4063 sorore,
602 4005 638 4053 20¹.
658 4044 689 4054 ..
704 4003 821 4067 floreant,
837 4007 861 4054 d.
882 4043 911 4052 -
931 4003 1038 4068 protinus
1041 4003 1120 4066 ferre,
1132 4002 1156 4051 d.
1176 4043 1206 4052 ..
1225 4018 1269 4052 no·

152 4068 274 4130 orentius,
290 4061 390 4120 (tuae.
407 4071 606 4133 subnascentibus,
616 4067 645 4134 β.
666 4113 696 4121 ..
715 4071 759 4133 tis,
771 4089 794 4122 e.
812 4071 850 4132 te,
863 4067 952 4136 ἁβγ..

188 4151 202 4213 ξ
216 4154 256 4203 97.
274 4169 344 4218 quoe,
356 4172 380 4206 u.
397 4154 446 4219 qui,
460 4151 530 4220 ᾱβγ.
543 4197 573 4206 ..
593 4154 703 4218 colorum,
713 4159 737 4206 d.
751 4197 780 4206 -
800 4171 891 4217 cornus,
903 4156 992 4206 Tedr.
1009 4153 1228 4218 permitteremus,
1240 4151 1269 4218 β.
