2896 4792
430 290 501 335 nis.
516 289 577 335 xx.
607 287 684 334 car.
702 287 748 332 vr.
780 284 876 332 snor.
892 285 923 328 rr.
938 286 969 329 ra.
1196 267 1259 332 303

141 441 196 505 A'd
212 440 408 526 serpentium
424 436 553 522 quidem
576 439 659 502 ictus
677 446 789 522 potum
812 457 884 500 curn
899 434 1038 501 restibus
1061 435 1127 500 suis
1149 434 1258 500 effica-
1275 456 1304 501 51

141 543 266 608 cissime
288 562 329 606 ex
351 539 422 605 oleo
437 537 582 602 inlinitur
596 537 780 620 attritisque
802 556 969 621 corporum
991 535 1146 622 pertibus,
1166 537 1219 601 vel
1234 537 1261 601 si
1339 540 1343 550 “

140 644 174 707 in
196 638 552 709 vesicasintumuerint.
597 638 687 719 Quin
710 647 741 703 et
764 637 872 703 suffitu
895 660 933 703 eo
954 637 1081 704 evocari
1104 637 1262 703 secundas

142 751 253 830 partus
269 743 442 809 existumat
456 739 684 825 Hippocrates,
707 739 814 804 cinere
828 761 936 805 eorum
960 763 1033 806 eum
1055 742 1124 806 oleo
1146 739 1262 826 capitis

142 847 250 925 ulcera
270 842 434 908 manantia
457 841 587 906 sanitati
608 840 793 907 restituens.
826 838 1021 926 Suspiriosis
1038 851 1179 919 coctum,
1202 841 1261 905 ali·
1277 857 1308 902 ss
1363 865 1382 896 x

142 945 198 1028 qui
220 944 355 1010 crudum
375 943 410 1007 id
432 942 568 1019 dedere,
590 940 722 1007 Diocles
741 941 926 1027 hydropicis
941 963 1014 1007 curn
1029 941 1192 1007 centaurio
1207 953 1264 1007 aut

141 1047 175 1110 in
195 1046 256 1110 fico
278 1044 398 1129 duplici
420 1044 463 1108 ad
484 1043 703 1109 evacuandam
724 1043 847 1120 alvom,
876 1042 962 1127 quod
983 1041 1146 1108 efficacius
1167 1061 1262 1128 prae·

142 1158 206 1213 stat
232 1146 334 1212 viride
356 1166 429 1210 cum
450 1144 618 1210 coriandro
639 1143 672 1207 in
694 1164 782 1209 mero
804 1153 927 1229 potum,
959 1144 1146 1230 suspiriosis
1167 1145 1264 1229 aliqui

143 1260 173 1312 et
202 1249 313 1313 tritum
333 1247 368 1311 in
394 1246 478 1311 lacte
500 1245 670 1310 dederunt.
705 1244 909 1330 Praxagoras
932 1254 963 1309 et
985 1255 1097 1311 contra
1117 1246 1266 1312 morbum

142 1349 268 1435 regium
294 1348 370 1413 vino
397 1346 527 1412 miscuit
554 1356 588 1412 et
617 1355 726 1411 contra
754 1345 851 1410 ileum
881 1346 915 1409 in
942 1346 1010 1411 oleo
1032 1356 1065 1412 et
1086 1348 1191 1431 pulte,
1219 1347 1275 1412 sic'

142 1450 281 1514 inlinens
302 1447 435 1513 snumis
449 1467 588 1530 quoque.
616 1444 750 1530 Antiqui
765 1456 797 1512 et
811 1446 1046 1511 insanientibus
1059 1447 1180 1513 dabant
1194 1468 1266 1513 cru-

143 1551 236 1627 dum,
265 1549 398 1616 Diocles
423 1548 617 1635 phreneticis
639 1548 768 1613 elixum.
798 1546 921 1614 Contra
942 1548 1081 1634 anginas
1100 1548 1210 1613 tritum
1231 1550 1266 1615 in

144 1672 243 1734 posca
262 1650 468 1737 gargarizare
490 1649 632 1735 prodest
659 1648 816 1714 Dentium
831 1649 974 1714 dolorem
988 1649 1093 1714 tribus
1106 1650 1266 1736 capitibus
1279 1668 1310 1712 aa

143 1752 178 1814 in
199 1761 291 1816 aceto
313 1752 396 1816 tritis
417 1750 568 1815 inminuit
589 1751 641 1816 vel
663 1751 690 1814 si
713 1751 837 1816 decocti
859 1771 943 1834 aqua
963 1752 1155 1816 conluantur
1164 1752 1265 1818 adda·-

145 1863 260 1934 turque
282 1851 389 1936 ipsum
409 1852 443 1916 in
465 1872 544 1917 aava
565 1851 719 1916 dentium.
740 1851 887 1917 Auribus
908 1850 1004 1917 etiam
1022 1853 1197 1918 instillatur
1211 1874 1265 1918 sn-

144 1974 201 2015 cus
223 1974 294 2017 eum
313 1951 408 2038 adipe
423 1951 584 2030 anserino,
602 1951 786 2037 phthiriasis
808 1962 840 2016 et
859 1952 1040 2038 porrigines
1054 1963 1176 2039 potum,
1190 1955 1267 2021 item

143 2052 285 2118 infusum
305 2076 378 2118 cum
397 2065 488 2119 aceto
505 2063 538 2118 et
552 2042 637 2118 nitro
651 2053 828 2140 conpescit,
851 2053 1081 2120 destillationes
1096 2077 1169 2121 cum
1183 2057 1266 2122 lacte

145 2162 267 2218 coetum
296 2154 348 2220 vel
370 2154 481 2220 tritum
502 2154 740 2241 permixtumve
760 2175 856 2221 caseo
876 2155 981 2234 molli,
1006 2176 1072 2239 quo
1093 2178 1212 2244 genere
1234 2167 1268 2222 at

144 2255 331 2320 raucitatem
360 2267 514 2321 extenuat
540 2257 575 2320 in
604 2257 667 2341 pisi
694 2266 750 2320 ant
771 2256 865 2322 fabae
888 2257 1077 2333 sorbitione3
1108 2259 1142 2322 in
1164 2268 1267 2323 totum
1280 2272 1312 2317 st

144 2365 252 2419 autem
274 2367 400 2420 coctum
419 2357 530 2421 nulius
550 2367 600 2420 est
621 2356 720 2421 crudo
742 2356 926 2441 elixumque
948 2366 1049 2432 tosto;
1073 2358 1120 2425 sic
1141 2368 1174 2423 et
1194 2358 1266 2424 voci

144 2455 220 2540 plus
241 2455 376 2521 confert
398 2456 536 2522 Taenias
557 2467 591 2522 et
611 2457 734 2542 reliqna
755 2457 904 2521 animalia
924 2456 1162 2523 interaneorum
1178 2458 1269 2544 pellit

145 2629 242 2692 Appul.
261 2669 292 2678 ..
310 2643 452 2678 araneorum
464 2628 573 2690 murium,
584 2627 689 2680 Barbar.
709 2642 810 2677 araneos
821 2636 844 2677 ct
855 2643 940 2691 mures,
951 2631 1023 2681 Tsd.
1041 2670 1074 2680 -
1092 2629 1228 2692 venerutirn,
1242 2646 1266 2681 a.

147 2734 178 2772 .-
198 2693 392 2759 pardalianches,
410 2697 483 2746 codd.
496 2694 553 2747 Get.
576 2693 769 2760 pardaliancbr's,
787 2697 832 2746 ad.
856 2735 888 2746 ..
915 2696 1025 2760 inques,
1043 2700 1080 2748 ad
1096 2697 1183 2761 (codd.
1197 2694 1267 2761 Gal.)

145 2778 254 2824 icquar.

179 2845 248 2906 §th
265 2847 388 2904 sui,a.-
407 2844 863 2910 cimvcsrhaaintmnnerintaspodd.
877 2844 950 2910 Get.)
966 2848 1268 2913 mvoewsimtnmacrit,

145 2914 196 2963 Td.
222 2914 338 2963 nomina
353 2914 496 2976 intumuerit,
512 2932 532 2965 r.
552 2956 583 2965 ..
609 2914 693 2978 suffita
709 2930 743 2975 eo,
760 2933 783 2966 a.
809 2914 950 2978 ruffichrco,
963 2918 987 2966 d.
1013 2916 1103 2980 suffito,
1119 2918 1216 2981 Appul.
1236 2959 1267 2967 ..

145 2981 241 3029 evocari
254 2981 370 3031 secundus
384 2990 479 3045 partus,
496 2985 511 3033 d
529 2980 651 3047 (Appul.)
678 2982 761 3031 vocari
773 2981 889 3032 emunder
902 2991 995 3047 partus,
1008 3001 1031 3034 a.
1057 2984 1173 3034 secundus
1181 2993 1269 3049 partus

144 3045 309 3114 evocamfly.
335 3047 645 3113 secundaretpartus,K¹.
668 3048 963 3114 secandosopartn,K².
987 3050 1268 3118 secundospartns‚Da·

144 3116 191 3164 lec.
210 3157 241 3165 ..
261 3116 387 3176 excarnat,
399 3119 415 3166 d
428 3115 552 3181 (Appul.)
570 3116 720 3178 manavit,
732 3113 804 3182 asty.

179 3201 247 3263 §52
274 3197 301 3248 id
316 3198 408 3260 dedere,
426 3204 469 3250 ad.
497 3198 525 3248 id
535 3200 613 3249 tritum
625 3198 718 3262 dedere,
730 3218 749 3251 r.
768 3242 799 3252 ..
823 3210 866 3250 aut
880 3203 905 3250 in
913 3203 974 3266 fico,
991 3207 1035 3256 ad.
1062 3203 1158 3268 infico,
1173 3220 1192 3269 γ
1206 3206 1268 3257 vitio

145 3282 286 3329 operarum.
305 3308 336 3317 -
355 3265 439 3330 aliqui,
451 3281 473 3317 a.
492 3266 588 3331 alique,
599 3268 624 3321 d.
639 3307 666 3314 -
687 3266 857 3333 Pruaoquraa,
868 3270 936 3320 Plin.
947 3271 1035 3323 Valet.
1047 3277 1071 3334 2,
1085 3278 1124 3323 59.
1144 3279 1167 3334 4,
1182 3277 1223 3325 17.
1235 3310 1267 3325 .-

145 3332 226 3396 ileum3
245 3350 290 3398 pro
302 3335 328 3383 h.
341 3349 364 3383 v.
380 3335 458 3384 habet
473 3332 551 3382 alcum
568 3335 597 3396 d,
615 3333 706 3383 alveum
720 3352 744 3386 a.
763 3377 794 3386 ..
821 3335 930 3398 illiniens,
946 3339 971 3388 d.
990 3378 1020 3388 ..
1048 3339 1166 3403 erpuinus
1181 3332 1268 3402 anteri

145 3403 241 3466 Appul.
254 3418 278 3467 p.
292 3407 350 3452 289.
370 3440 401 3452 0
429 3401 505 3462 trium,
521 3401 619 3466 Appul.
639 3443 670 3451 -
697 3402 722 3450 in
730 3406 842 3467 possed
858 3402 983 3468 (Appul.)
1009 3405 1114 3469 inponat,
1131 3423 1154 3458 a.
1180 3407 1270 3472 imponi

145 3476 175 3530 et,
190 3466 239 3534 βγ.
264 3511 295 3519 ..
321 3469 488 3535 purpurissum,
505 3470 558 3520 Td.
584 3468 752 3534 purpureas,
770 3471 865 3536 Appul.
891 3472 1075 3536 purpurascere,
1094 3467 1122 3522 θ.
1149 3476 1267 3525 carcane-

145 3551 206 3598 sare,
221 3554 243 3587 a.

179 3624 246 3684 §tta
273 3620 356 3684 dolori,
369 3625 394 3672 d.
413 3662 443 3672 ..
472 3616 605 3684 minuit&
625 3662 656 3673 ...
683 3621 803 3685 ebrona.
823 3663 853 3672 ...
882 3620 1054 3686 instillataa,d.
1073 3666 1103 3676 -
1125 3625 1268 3690 porriyrbes,

149 3681 228 3738 Ona.
248 3691 394 3754 porriyenea
407 3690 438 3740 Τ.
459 3690 591 3756 perriqcns,
603 3693 628 3741 d.
649 3688 793 3754 prun'qines,
808 3686 838 3751 β.
856 3730 888 3740 ..
912 3691 967 3740 itera
979 3691 1089 3756 insuetur,
1102 3695 1155 3745 Τὰ.
1177 3694 1232 3743 item
1242 3694 1268 3745 in

146 3769 256 3815 namna.
280 3764 355 3806 tasum
367 3753 491 3822 iternssr.
513 3797 540 3806 ..
565 3757 684 3822 conspicit,
697 3774 720 3807 a.
740 3798 771 3808 ...
793 3765 889 3820 coctum,
902 3761 946 3809 sd.
959 3759 1016 3810 Om.
1028 3775 1053 3825 γ.
1073 3801 1104 3810 ..
1119 3761 1268 3824 permistam·

146 3836 197 3883 que,
209 3823 242 3870 K.
260 3864 292 3872 ..
311 3832 428 3885 catenum,
439 3825 536 3889 Appul.
555 3833 665 3875 extenuat
675 3824 719 3887 vet,
731 3821 823 3891 adssr.
839 3868 869 3876 ..
889 3827 913 3876 in
922 3827 974 3891 pisi
982 3835 1033 3889 aab
1043 3828 1141 3892 Appul
1159 3828 1184 3877 in
1193 3828 1270 3893 pitter·

146 3895 201 3950 ant„
209 3892 232 3939 d.
251 3890 275 3938 in
288 3889 366 3955 thyaris
376 3891 409 3949 in,
421 3908 444 3943 a.
460 3891 566 3956 phthisin
577 3894 610 3956 in,
620 3889 643 3956 β
647 3908 672 3958 γ.
859 3913 860 3916 ’
1063 3945 1066 3951 ,

180 3976 194 4036 §
209 3980 248 4023 54.
266 3982 309 4035 est,
321 3977 358 4024 ad
369 3972 492 4039 (Appul.)
504 3977 563 4028 Om.
574 3995 594 4028 r.
613 4020 644 4029 -
668 3986 733 4039 tosto,
747 3982 792 4030 ad.
816 3987 870 4038 toto,
883 3981 979 4044 Appul.
999 4021 1029 4029 ..
1047 3977 1109 4043 plus,
1121 3979 1167 4029 'I'd
1179 3979 1266 4043 (codd.

146 4042 260 4103 Barbari,
278 4042 390 4106 Appul.)
408 4043 496 4093 Omitt.
509 4061 525 4094 a
542 4042 628 4106 (codd.
646 4045 716 4108 Gal.)
733 4042 784 4112 βγ.
808 4087 839 4097 ..
862 4047 978 4109 Tomisa,
998 4049 1034 4098 ita
1049 4063 1096 4098 nos
1113 4049 1265 4112 scripsimus.

151 4109 244 4170 Tineus,
257 4106 348 4173 adssr.
376 4111 414 4163 At
425 4121 492 4160 rccts
504 4111 608 4165 Oornsr.
625 4115 764 4165 adJGalsn.
780 4131 805 4180 p.
818 4122 875 4166 ata.
892 4117 1041 4175 observavit,
1059 4117 1267 4192 quotiescumque

146 4179 178 4225 de
189 4178 319 4295 lpmbn'cis
331 4187 356 4228 et
367 4174 494 4229 vermibus
504 4179 681 4231 intestinorum
693 4183 804 4234 hominis
816 4185 848 4235 sit
863 4198 954 4244 sermo,
970 4197 1069 4248 sempor
1086 4192 1178 4232 memus
1193 4198 1266 4253 repo·

145 4260 194 4294 nou
213 4261 256 4295 um
268 4261 329 4296 esse.
1240 4278 1244 4285 ·
1257 4278 1261 4287 ·
