2896 4792
315 955 318 962 ·
357 852 360 859 ¹
422 922 1007 1029 crumenarum

219 1106 705 1289 utrumme
749 1166 1215 1290 marorum

579 1399 728 1474 LIBER
754 1398 853 1472 XXI.

644 1593 796 1602 m

198 1723 284 1789 Car.
300 1724 327 1790 Ι.
351 1723 455 1790 Suom
471 1727 500 1787 1.
545 1694 584 1793 ln
598 1725 697 1790 bortis
713 1725 776 1791 seri
792 1736 824 1791 et
839 1734 1063 1820 coronamenta
1077 1724 1172 1789 iussit
1184 1722 1305 1801 (latas
1328 1742 1339 1786 1

154 1825 357 1891 inenarrabili
379 1826 494 1891 florum
516 1842 665 1892 maxume
689 1824 879 1904 subtilitate,
908 1825 1038 1910 quando
1064 1824 1143 1890 nulli
1171 1836 1278 1911 potest

153 1924 276 1991 facilius
298 1950 367 1993 esse
395 1928 483 2012 loqui
503 1950 601 2012 quam
628 1950 737 1993 rerum
758 1942 894 1993 naturae
916 1928 1066 2015 pingere,
1099 1926 1278 1992 lascivienti

152 2029 341 2113 praesertim
364 2041 396 2095 et
418 2030 451 2094 in
473 2052 592 2116 magno
611 2029 732 2115 gaudio
751 2029 923 2097 fertilitatis
942 2040 1008 2094 tam
1023 2028 1129 2094 variae
1143 2026 1278 2095 ludenti.

154 2127 285 2216 Quippe
307 2131 430 2215 reliqua
450 2154 530 2197 usus
552 2131 758 2214 alimentique
780 2132 887 2218 gratia
914 2129 1026 2218 genuit
1045 2130 1183 2214 ideoque
1206 2146 1306 2196 sae-a

153 2231 225 2294 cula
256 2253 420 2316 annosque
447 2232 560 2298 tribuit
579 2233 637 2310 iis,
674 2231 771 2300 flores
807 2255 884 2298 vero
917 2233 1097 2317 odoresque
1129 2231 1164 2295 in
1191 2229 1277 2297 diem

152 2330 258 2416 gignit
283 2353 415 2418 magna,
449 2342 487 2395 ut
513 2333 619 2417 palam
650 2343 713 2411 est,
747 2333 962 2398 admonitione
983 2333 1164 2410 hominum,
1195 2352 1278 2415 quae

152 2430 382 2516 spectatissime
415 2431 551 2498 floreant
582 2430 716 2498 celerius
745 2454 955 2510 marcescere,
990 2432 1047 2498 sed
1080 2454 1122 2497 ne
1152 2431 1278 2517 pictura

151 2533 281 2616 quidem
309 2532 486 2599 sufficiente
511 2533 644 2621 imagini
671 2533 811 2599 colorum
837 2532 1020 2599 reddendae
1045 2533 1275 2597 mixturarum·

152 2655 214 2717 que
235 2634 398 2714 varietati,
430 2635 497 2702 eive
519 2634 632 2700 alterni
654 2645 750 2720 atque
771 2634 962 2721 multiplices
983 2635 1067 2700 inter
1089 2657 1123 2700 se
1144 2642 1275 2700 nectan-
1387 2634 1392 2646 '

151 2743 203 2798 tur
240 2735 306 2800 sive
333 2735 469 2821 privatis
496 2757 652 2823 generum
677 2735 828 2801 funiculis
861 2736 894 2801 in
916 2736 1043 2814 orbem,
1069 2735 1104 2800 in
1125 2732 1274 2811 oblicum,

149 2834 184 2898 in
206 2834 378 2913 ambitum3
407 2838 565 2920 quaedam
587 2859 722 2902 coronae
743 2859 802 2922 per
823 2859 957 2902 coronas
979 2845 1121 2902 currunt.

191 2935 236 3001 H.
259 2940 289 3002 2.
312 2936 529 3005 Tenuioribus
550 2937 725 3005 utebantur
748 2937 869 3022 antiqui
891 2948 1044 3024 struppos
1064 2937 1302 3023 appellantes,a

149 3038 235 3104 unde
253 3049 330 3104 nata
347 3040 532 3127 strophiola.
555 3039 645 3122 Quin
667 3050 699 3106 et
711 3039 904 3107 vocabulum
920 3040 1028 3127 ipsum
1043 3037 1173 3104 tandem
1194 3058 1272 3129 con·

183 3226 226 3277 Ad
237 3227 306 3275 hunc
317 3227 410 3277 librum
421 3229 468 3278 toti
479 3235 539 3279 sunt
550 3230 651 3280 excussi
661 3229 746 3280 RVd.

183 3293 234 3369 §.L
261 3289 291 3340 In
303 3290 491 3372 lampeto,
504 3309 558 3372 om.
574 3297 606 3374 R
629 3336 661 3347 ..
679 3293 750 3374 'Cam
762 3297 793 3346 de
804 3311 832 3346 re
843 3302 904 3348 rust.
916 3304 940 3359 s,
953 3303 976 3346 2.
996 3334 1027 3344 ..
1050 3293 1141 3355 variae,
1161 3285 1271 3345 ORVd.

150 3374 231 3486 vapsi
237 3354 321 3487 iiiia-3⁷
325 3358 758 3492 {lldjnriii’oi‘lciibm'lll’itbuild'li'btii
765 3363 860 3480 anvam
871 3399 1004 3493 periodum
1013 3427 1125 3493 incipiat
1132 3467 1163 3478 ..
1169 3425 1194 3475 in
1203 3425 1272 3488 dart,

148 3509 172 3542 v.
182 3493 265 3547 Hand.
278 3495 388 3546 Tursell.
402 3501 425 3558 2,
438 3501 495 3549 207.
508 3503 532 3556 8,
545 3501 603 3548 340.
614 3536 646 3546 ...
656 3511 752 3560 magna,
763 3497 817 3546 Rd.
835 3511 857 3544 m
891 3511 955 3557 nam,
968 3496 1001 3546 V.
1015 3535 1047 3544 ..
1058 3501 1092 3555 ut,
1102 3494 1159 3544 Vd.
1177 3501 1227 3556 aut,
1239 3496 1270 3547 R.

149 3600 181 3611 ..
200 3559 431 3624 admonitione,Rd.
458 3562 624 3624 armeniacae,
636 3564 669 3613 V.
688 3604 719 3613 -
744 3561 849 3623 cabrias,
891 3564 974 3614 VTd.
1000 3558 1219 3626 celerrimaRssr.
1239 3602 1270 3612 ..

148 3627 329 3692 sufficiendall.
355 3630 490 3696 sufficienti,
503 3632 560 3682 Vd.
585 3629 683 3695 sufficit,
700 3631 733 3682 K.
756 3671 789 3680 ..
815 3628 958 3692 reddendae,
975 3627 1080 3695 Βθρφ.
1106 3627 1230 3678 reddendo
1240 3637 1270 3691 et,

148 3694 204 3746 Vd.
222 3693 348 3758 reddendo,
359 3695 384 3746 d.
402 3698 524 3762 sufficiens
535 3696 638 3763 imagini
647 3696 691 3748 col.
704 3695 840 3747 reddendae
848 3705 883 3746 ert
890 3697 1101 3760 maurorumque,
1110 3696 1223 3750 Gronov.
1237 3737 1268 3749 ..

149 3761 359 3826 mixturarumque,
371 3763 485 3816 RVKd.
512 3764 668 3815 mixturarum
679 3781 780 3829 qaoque,
796 3766 851 3815 Τὰ.
877 3759 1090 3827 νηίτίιιναηιηι,·β.
1113 3805 1145 3813 -
1169 3762 1269 3827 privati,

148 3829 176 3878 V
186 3827 301 3889 (Thuan.
313 3845 354 3894 ap.
367 3831 474 3882 Salmas.
486 3847 568 3883 exerc.
585 3848 610 3897 p.
625 3837 682 3884 752.
694 3834 719 3883 b.
731 3831 776 3895 F.)
798 3872 830 3883 ..
855 3832 956 3897 generis,
974 3834 1075 3884 Thuan.
1102 3829 1215 3880 trwitcta
1228 3846 1269 3896 ye-

149 3893 219 3956 aerir,
232 3896 339 3948 Salmas.
358 3938 390 3947 ..
400 3897 518 3960 finiralrb,
528 3899 560 3949 B.
575 3899 698 3966 privarem
708 3898 950 3966 pammatii,
963 3900 1077 3952 Gronov.

183 3966 233 4026 §a
260 3964 444 4027 strumam.
470 3973 572 4030 rtrapor,
590 3971 661 4019 codd.
677 3969 757 4019 Turn.
774 3969 832 4018 adv.
845 3973 886 4030 29,
900 3975 922 4019 l.
951 3975 1067 4031 atrcppaa
1083 3957 1144 4015 OV.
1168 3973 1269 4030 atropoa

148 4031 180 4080 R.
202 4027 358 4094 atrophiass.
384 4031 627 4095 arreptoamdend.
644 4035 785 4100 edAppul.
798 4043 937 4099 metamp.
952 4038 1008 4086 788.
1034 4032 1268 4094 Quamlectionam

148 4111 196 4148 nos
207 4099 356 4161 recepimus,
373 4099 460 4151 nititur
472 4115 576 4152 earoce
586 4101 747 4166 rauppeanb,
785 4118 834 4154 nae
849 4102 961 4154 adfertur
972 4117 988 4152 a
999 4103 1077 4154 Festo
1090 4116 1110 4152 s.
1122 4115 1146 4150 v.
1158 4107 1269 4166 stroppus

147 4165 408 4229 paramentum.
427 4207 459 4218 ..
483 4166 660 4231 undamn.
683 4167 756 4220 tande
814 4171 848 4223 B.
866 4167 1070 4235 warboda
1083 4163 1216 4233 Gel.)ssr.
