2896 4792
424 305 496 354 nra.
512 306 601 354 xvrr.
630 306 709 354 aar.
726 306 801 353 xxr.
829 305 927 354 sucu.
942 269 982 351 ³ss
1202 290 1263 354 109

137 458 349 544 relinquatur,
371 480 482 525 verum
505 456 593 543 exigi
613 476 780 533 mensura3
803 458 885 522 male
906 457 1102 541 pastinatum
1125 458 1263 543 depren-

138 562 222 627 dunt
244 582 374 627 scamna
392 558 582 642 inaequalia.
605 557 773 623 Metienda
794 568 844 623 est
865 568 898 623 et
920 580 958 623 ea
972 547 1146 644 pars'quae
1160 560 1262 624 inter-

139 663 223 728 iacet
243 661 377 747 pulvini.
399 657 530 725 Surculi
553 665 705 724 seruntur
727 669 759 725 et
779 659 814 722 in
836 657 949 725 scrobe
972 670 1005 724 et.
1025 660 1059 724 in
1082 660 1171 727 sulco
1192 661 1263 725 lon·

137 763 241 852 giore,
271 783 369 847 super
396 783 477 845 quos
500 759 671 824 tenerrima
696 760 854 846 ingeritur
875 771 977 839 terra,
1007 760 1124 825 sedin
1150 761 1264 847 gracili

139 865 207 932 solo
233 863 355 928 flustra
373 862 435 927 nisi
459 861 621 927 substrato
642 861 826 948 pinguiore3
856 883 916 926 nec
937 861 1043 926 minus
1064 883 1161 945 quarn
1182 862 1264 927 duos

138 966 243 1053 integi
270 975 396 1051 oportet
424 974 456 1029 et
481 985 671 1049 proxumam
699 963 815 1048 attingi
843 974 975 1041 terram,
1005 963 1117 1027 eodem
1144 963 1264 1046 paxillo

140 1064 278 1153 deprimi
300 1076 333 1130 et
354 1063 496 1151 spissari.
532 1061 695 1128 Interesse
716 1063 750 1126 in
771 1062 929 1149 plantario
952 1063 1160 1147 sesquipedes
1182 1064 1265 1128 inter
1279 1079 1328 1125 rso

138 1165 217 1233 bina
243 1166 366 1232 semina
391 1164 426 1230 irr
453 1164 664 1242 latitudinem,
694 1162 727 1227 in
754 1162 987 1251 longitudinem
1016 1165 1186 1241 semisses3
1219 1165 1265 1231 ita

144 1278 232 1334 satos
258 1266 422 1333 malleolos
442 1288 551 1329 xxrm.
582 1287 691 1330 mense
720 1264 861 1329 recidere
890 1265 932 1329 ad
956 1266 1057 1330 imum
1085 1267 1264 1344 articulum,

140 1367 205 1434 nisi
226 1368 290 1454 ipsi
311 1360 471 1454 parcatur.
505 1363 682 1431 Oculorum
704 1365 779 1431 inde
800 1366 934 1431 materia
959 1367 1084 1444 emicat,
1106 1390 1180 1432 cum
1201 1390 1266 1452 qua

142 1492 261 1535 xxxvi.
283 1490 394 1534 mense
416 1467 577 1534 viviradix
603 1467 807 1532 transfertur.
843 1467 905 1531 Est
931 1478 964 1532 et
989 1467 1156 1533 luxuriosa
1182 1469 1265 1534 ratio
1280 1484 1325 1529 rar

141 1569 219 1636 vitis
234 1562 361 1635 serendi
381 1579 418 1634 ut
437 1579 590 1652 quattuor
610 1566 750 1632 malleoli
763 1566 943 1633 vehementi
959 1567 1085 1633 vinculo
1100 1568 1265 1657 conligen-

142 1681 196 1735 tur
215 1671 251 1736 in
272 1681 364 1757 parte
385 1670 551 1735 luxuriosa
572 1679 670 1752 atque
697 1668 742 1732 ita
767 1690 826 1753 per
852 1690 927 1733 ossa
955 1668 1067 1733 bubuli
1090 1671 1192 1734 cruris
1214 1671 1266 1737 vel

142 1794 202 1858 per·
223 1771 305 1837 oolla
325 1769 436 1836 fictilia
450 1770 574 1835 traiecti
587 1769 765 1835 obruantur
784 1769 867 1834 binis
882 1770 1095 1836 eminentibus
1109 1773 1265 1858 gemmis;

143 1882 313 1938 umescunt
345 1871 406 1937 hoc
439 1872 534 1937 modo
567 1869 725 1954 recisique
756 1869 919 1954 palmitem
952 1872 1110 1936 emittunt.
1146 1871 1267 1939 Postea

143 1973 252 2039 fistula
279 1972 382 2038 fracta
407 1972 502 2037 radix
529 1971 629 2037 libere
657 1971 743 2056 capit
771 1970 849 2037 viris
876 1994 1002 2056 uvaque
1034 1973 1096 2037 fert
1123 1974 1267 2040 omnium

143 2095 314 2160 corporum
337 2096 468 2139 suorum
490 2073 609 2138 acinos.
630 2071 671 2137 In
693 2073 755 2138 alio
777 2095 895 2161 genere
915 2073 1049 2140 inventu
1063 2074 1190 2140 novicio
1204 2076 1265 2140 firr-
1281 2089 1329 2135 ror

145 2173 234 2240 ditur
248 2174 424 2252 malleolus,
446 2174 647 2257 medullaque
662 2196 754 2238 erasa
774 2174 808 2239 in
830 2196 865 2239 se
887 2174 1090 2261 conliguntur
1110 2175 1174 2260 ipsi
1188 2200 1266 2243 cau-

143 2277 191 2341 les
211 2275 258 2339 ita
278 2286 316 2340 ut
344 2276 480 2364 gemmis
507 2286 659 2361 parcatur
684 2275 769 2340 omni
798 2275 910 2351 mod03
945 2286 1013 2340 tum
1040 2277 1206 2343 malleolus
1232 2278 1266 2342 in

145 2386 231 2442 terra
250 2377 326 2444 fimo
346 2378 449 2442 mixta
470 2378 586 2443 seritur
607 2387 650 2455 et,
672 2400 745 2442 cum
766 2399 920 2466 spargere
942 2378 1043 2443 caulis
1064 2380 1178 2465 coepit,
1209 2380 1266 2445 de-

70 2522 73 2527 ·
145 2477 263 2542 eiditur
283 2478 467 2563 foditurque
490 2477 630 2563 saepius.
653 2477 744 2543 Talis
758 2500 840 2542 uvae
854 2477 963 2543 acinos
977 2479 1057 2545 nihil
1077 2481 1165 2545 intus
1186 2479 1267 2567 ligni

144 2576 312 2644 habituros
334 2576 514 2645 Columella
535 2577 703 2663 promittit,
726 2601 800 2643 aum
822 2579 931 2645 vivere
955 2581 1076 2645 semina
1097 2581 1169 2666 ipsa
1189 2604 1267 2668 per-

146 2700 244 2764 quam
264 2679 382 2745 mirum
403 2680 446 2746 sit
466 2679 606 2746 medulla
627 2678 788 2764 adempta.
809 2678 909 2745 Nasci
925 2682 1070 2746 surculos
1085 2682 1180 2747 etiarn
1193 2682 1266 2766 qui-
1282 2696 1329 2742 rsa

145 2778 208 2846 bus
238 2802 304 2845 non
336 2780 379 2846 sit
396 2781 589 2847 ‘articulatio
617 2779 757 2857 arboris,
788 2802 854 2845 non
886 2780 1096 2845 omittendum
1122 2783 1266 2862 videtum

146 2901 285 2964 namque
310 2880 388 2946 buxi
417 2879 615 2947 tenuissimis
639 2879 746 2964 quinis
773 2882 924 2966 senisque
951 2881 1119 2970 conligatis
1140 2882 1268 2971 depacti

146 2981 349 3066 proveniunt.
372 2979 544 3067 Quondam
565 2981 600 3045 in
623 2981 847 3048 observatione
869 2993 937 3048 erat
958 2994 994 3048 ut
1009 2984 1269 3071 defringerentur

148 3102 189 3145 ex
208 3081 357 3168 inputata
378 3083 477 3162 buxo,
506 3082 597 3148 aliter
623 3082 733 3150 vivere
760 3106 824 3150 non
853 3085 980 3162 crediti3
1011 3086 1179 3152 demanare
1206 3087 1268 3153 hoa

147 3272 221 3323 Tad.
237 3312 268 3321 ..
287 3270 356 3333 duae,
368 3273 443 3323 Tad.
457 3314 489 3322 -
507 3273 594 3334 eodem
607 3277 651 3324 ad.
670 3273 791 3335 eteoclem,
803 3271 832 3336 β.

181 3341 266 3402 §ltu
282 3338 481 3402 plantamus.
500 3382 532 3390 -
550 3341 575 3390 ia
587 3339 741 3402 latitudinem,
754 3345 777 3392 d.
801 3340 955 3404 latitudinem,
967 3359 989 3392 a.
1010 3385 1040 3393 ..
1063 3343 1267 3408 malleolcsaataa,

148 3406 173 3454 d.
189 3446 220 3454 -
238 3405 317 3467 micat,
330 3409 353 3457 d.
372 3448 404 3456 -
421 3406 553 3468 viveradix,
566 3411 611 3458 ad.

181 3490 267 3552 5161.
291 3488 419 3552 lacunosa,
436 3508 458 3541 a.
478 3533 508 3541 -
533 3490 686 3552 luxuriaee‚d
703 3487 759 3552 (lib.
773 3493 884 3556 optimus
899 3510 940 3558 ap.
953 3494 1061 3546 Salmas.
1073 3512 1155 3547 exerc.
1171 3514 1196 3562 p.
1209 3505 1267 3549 trs.

147 3555 172 3605 b.
183 3554 231 3617 D.)
255 3554 382 3618 luxuriose,
399 3575 422 3608 a.
449 3556 587 3620 colligentur
597 3568 657 3620 arte,
674 3559 781 3610 Salmas.
794 3574 883 3609 vocem
895 3559 973 3611 luatur.
986 3564 1114 3614 omittens.
1133 3606 1164 3614 ..
1187 3565 1230 3623 ita.
1242 3581 1265 3615 a.

35 3626 44 3639 '
147 3620 184 3670 ita
195 3621 239 3683 uel,
252 3625 268 3672 d
273 3619 324 3688 βγ.
336 3666 368 3674 -
386 3623 456 3684 colla,
468 3619 563 3676 dTad
575 3625 661 3689 (codd.
673 3623 794 3687 Salmas.)
811 3634 901 3687 coacta,
912 3623 942 3688 β.
960 3627 1149 3693 collafictilium,
1159 3632 1266 3682 Salmas.

149 3730 180 3738 -
191 3698 355 3753 generascunt,
366 3693 511 3744 Pontedera
522 3693 649 3756 antiquitt.
661 3709 685 3757 p.
697 3699 753 3743 sla.
772 3733 803 3741 ..
820 3709 911 3756 uvaque
918 3696 976 3757 sert
984 3699 1092 3758 omnium,
1102 3699 1167 3749 Tad
1179 3697 1266 3759 (codd.

149 3755 272 3820 Salmas.)
290 3758 464 3821 unamquesert
475 3768 497 3807 et
507 3760 616 3821 omnium,
627 3757 656 3822 β
676 3801 706 3809 -
725 3758 897 3808 coniunctorum
908 3762 1061 3826 surculorum,
1073 3767 1106 3816 K.

183 3843 269 3905 §loa
284 3839 407 3905 funditur,
420 3859 443 3891 a.
463 3884 494 3892 ..
517 3860 644 3905 crassas.
662 3885 693 3892 -
718 3841 838 3904 candales,
853 3838 951 3897 duae.
974 3849 1041 3898 Hinc
1056 3849 1191 3910 legendnm
1204 3856 1266 3912 puto

148 3906 341 3957 caudelacaules
357 3910 416 3959 coll.
435 3915 473 3967 13.
490 3917 530 3962 s5.
548 3951 580 3960 ..
604 3908 719 3970 malleolo,
736 3925 759 3959 a.
780 3952 810 3960 ..
829 3910 894 3972 fiac,
910 3915 955 3963 ad.
975 3955 1006 3964 -
1030 3914 1108 3963 caules
1123 3914 1204 3977 coepit,
1222 3918 1265 3967 ad.

149 3975 225 4038 caepit
235 3972 323 4036 caules,
333 3971 385 4039 βγ.
399 4017 429 4026 ..
446 3975 573 4026 Columella
585 3980 616 4028 de
627 3978 708 4028 arbor.
721 3983 745 4038 9,
759 3985 781 4028 3.
796 4019 825 4027 -
845 3978 948 4030 medulla
959 3980 1077 4044 adempta.
1095 3981 1182 4040 Nasci,
1194 3985 1265 4034 Tad.

148 4049 172 4089 et
183 4039 286 4090 medulla
297 4040 410 4106 adempta
421 4044 503 4100 nasci,
515 4040 543 4105 β.

183 4125 198 4187 ξ
213 4130 268 4175 163.
287 4125 400 4185 surcrcloa
412 4128 466 4177 Td.
483 4126 590 4189 aurula,
602 4123 652 4188 ast.
673 4168 697 4176 -
720 4127 803 4190 qualus
815 4145 867 4190 aaa,
879 4131 951 4180 Tad.
973 4131 1121 4193 meliusnam,
1132 4127 1161 4192 β.
1181 4175 1210 4183 ..
1228 4150 1265 4184 ae.

151 4189 242 4253 adque,
254 4193 306 4243 Ta.
324 4189 445 4256 seruique,
457 4197 482 4244 d.
498 4193 596 4253 seruus,
607 4190 658 4259 βγ.
678 4235 708 4244 -
727 4193 777 4255 loc,
789 4198 804 4246 d
817 4195 903 4257 (codd.
916 4195 986 4259 Gal.)
1004 4196 1070 4258 iaec,
1081 4215 1104 4249 a
