2896 4792
183 246 245 312 392
534 259 739 307 naruasnrs
761 256 957 307 menorans

226 416 275 480 59.
302 413 530 479 Aculeatarum
553 408 660 477 caules
681 409 860 494 aliquarum
882 431 941 495 per
963 420 1079 475 terram
1102 421 1250 496 serpunt,
1275 421 1314 476 ut
1327 430 1361 477 aa

183 515 252 581 eins
262 536 358 599 quam
370 534 566 599 coronopum
578 522 702 577 uocant.
724 509 756 574 Ε
768 509 895 575 diverso
907 520 970 576 stat
981 510 1121 576 anchusa
1134 511 1316 579 inficiendo

182 615 271 704 ligno
293 615 438 699 cerisque
460 613 578 679 radicis
600 622 711 698 aptae,
741 621 827 677 stant
850 634 868 678 e
890 610 1071 677 mitioribus
1093 611 1257 679 anthemis
1280 624 1315 679 et

182 715 387 802 phyllanthes
417 725 449 781 et
475 736 629 780 anemone
651 724 682 779 et
711 711 832 800 aphace
839 738 849 793 3
884 713 974 778 caule
996 712 1107 779 foliato
1129 723 1180 779 est
1201 715 1315 800 crepis

183 827 216 883 ct
236 816 328 881 lotos.

226 919 277 983 60.
305 916 500 983 Differentia
521 917 670 983 foliorum
700 928 732 982 et
753 915 804 983 hic
826 937 910 1000 quae
932 917 1019 982 etin
1040 914 1211 981 arboribus
1232 915 1315 982 bre·
1332 937 1382 982 loo

183 1020 283 1087 vitate
304 1020 446 1107 pediculi
467 1041 505 1085 uc
525 1018 741 1106 longitudine,
763 1018 923 1106 angustiis
943 1019 1047 1104 ipsius
1067 1018 1135 1096 soli,
1156 1018 1316 1106 amplitu-

109 1166 113 1173 ·
184 1121 269 1200 dine,
291 1120 429 1208 angulis,
451 1120 617 1197 incisuris,
638 1118 752 1198 odore,
773 1118 862 1185 floro.
884 1119 1078 1185 Diuturnior
1098 1119 1150 1186 hio
1171 1119 1316 1204 quibus-

184 1221 260 1286 dam
285 1244 343 1308 per
371 1221 474 1307 partis
495 1218 694 1300 florentibus,
716 1231 753 1287 ut
774 1220 893 1300 ocimo,
915 1219 1119 1306 heliotropio,
1153 1220 1316 1307 aphacae,

185 1321 333 1389 onochili.
356 1321 468 1389 XVII.
484 1321 599 1387 Multis
614 1321 698 1387 inter
718 1320 798 1387 haec
818 1331 947 1388 aeterna
968 1321 1045 1387 folia
1067 1320 1150 1387 sicut
1172 1320 1317 1405 quibus·

185 1423 258 1489 dam
281 1422 446 1502 arborum,
468 1422 503 1486 in
524 1422 700 1509 primisque
721 1422 925 1507 heliotropio,
947 1423 1088 1500 adianto,
1109 1422 1205 1508 polio.

227 1525 278 1590 61.
313 1523 413 1589 Aliud
439 1546 551 1589 rursus
579 1523 773 1610 spicatarum
796 1545 910 1610 genus,
934 1545 975 1590 ex
995 1544 1067 1608 ¹quo
1094 1532 1144 1588 est
1171 1544 1315 1609 cynops,
1333 1540 1381 1588 ror

184 1626 388 1713 alopecuros,
418 1625 628 1712 stelephuros,
651 1680 691 1690 ..
720 1645 817 1708 quam
844 1625 975 1710 quidam
1004 1635 1152 1713 ortygem
1181 1635 1316 1704 vocant,

185 1727 240 1794 alii
266 1726 496 1815 plantaginem,
525 1726 565 1792 de
586 1748 651 1811 qua
676 1726 770 1812 plura
797 1725 942 1793 dicemus
970 1726 1053 1792 inter
1079 1725 1238 1803 medicas,
1271 1782 1315 1791 -

186 1827 342 1915 thryallis.
371 1827 424 1899 Ex
445 1828 486 1893 iis
508 1827 694 1914 alopecuros
717 1827 838 1913 spicam
860 1827 957 1894 habet
977 1827 1104 1894 mollem
1125 1837 1157 1893 et
1178 1826 1316 1916 lanugi-

185 1953 258 1996 nem
274 1930 417 2007 dcnsam,
439 1951 503 1996 non
517 1928 706 1995 dissimilem
728 1927 871 2014 volpium
892 1928 1014 2008 caudis,
1036 1929 1121 1994 unde
1144 1928 1174 1992 ei
1196 1939 1228 1993 et
1250 1951 1316 1994 no-

186 2053 278 2108 men;
300 2053 457 2117 proxuma
477 2031 507 2096 ei
529 2042 578 2096 est
599 2041 631 2096 et
652 2029 867 2116 stelephuros,
895 2029 958 2095 nisi
979 2030 1067 2115 quod
1086 2029 1141 2094 illa
1162 2029 1316 2114 particu-

186 2130 275 2196 latim
296 2129 398 2197 floret.
435 2128 607 2197 Oiohorion
629 2141 662 2196 et
684 2131 799 2196 similia
819 2131 904 2197 circa
925 2144 1043 2198 terram
1064 2130 1141 2198 folia
1168 2130 1315 2210 habent3

187 2232 369 2320 germinant
390 2231 431 2297 ab
452 2231 561 2297 radice
584 2231 841 2319 postsergilias.

222 2408 236 2470 5
249 2411 290 2456 99.
312 2421 459 2466 coronantem,
471 2406 532 2456 RV.
557 2406 666 2471 Sumpta
676 2408 741 2456 hacc
752 2416 811 2456 sunt
822 2422 855 2457 cx
867 2407 999 2470 Theophr.
1011 2406 1070 2456 hist.
1082 2407 1160 2469 plant.
1173 2405 1236 2455 VII.
1250 2414 1276 2467 8,
1289 2413 1315 2458 3.

189 2515 220 2524 ..
238 2472 265 2522 Ε
275 2471 375 2535 diverso,
388 2475 463 2524 codd.
473 2475 531 2526 Gcl.
549 2472 585 2523 Et
595 2472 696 2536 diverso,
707 2475 792 2524 RVd.
807 2514 837 2524 ..
855 2481 910 2535 slat,
920 2473 1031 2523 Gronov.
1049 2480 1121 2534 stunt,
1133 2473 1209 2524 RVd
1222 2473 1315 2537 (codd.

189 2539 259 2604 Gal.)
273 2536 325 2606 βγ.
345 2582 376 2590 -
403 2557 501 2604 ancara,
513 2543 545 2591 R.
563 2582 595 2592 -
619 2542 730 2606 carique,
742 2542 818 2593 RVd
834 2538 919 2604 (codd.
932 2539 1002 2602 Gel.)
1028 2541 1193 2604 retardarat.
1214 2582 1245 2591 ..
1272 2559 1317 2591 ra·

188 2608 248 2659 dicr's
263 2617 349 2673 aptae,
364 2616 430 2657 stant
445 2625 471 2670 c,
490 2610 603 2660 Gronov.
629 2607 719 2658 radchis
735 2615 795 2673 apta
810 2616 845 2657 est
859 2616 921 2669 unte,
937 2608 1000 2658 RV.
1026 2605 1118 2657 radicis
1133 2615 1193 2671 apta
1209 2616 1233 2657 et
1248 2624 1271 2670 a,
1289 2613 1315 2661 d.

187 2676 269 2727 radice
286 2685 345 2740 apta
361 2684 396 2725 cst
411 2675 562 2742 octarlpp.
589 2674 806 2741 rudioecptaetc,
823 2678 897 2727 codd.
910 2675 966 2726 Gcl.
979 2671 1030 2739 βγ.
1050 2715 1082 2725 ..
1108 2674 1259 2735 autemid.
1281 2718 1314 2727 ...

186 2743 344 2810 phyllanthes,
356 2745 432 2795 codd.
444 2745 501 2795 Gal.
524 2742 685 2809 phyllanthes,
697 2744 784 2795 RVd.
803 2784 834 2792 -
852 2742 950 2808 aphace.
963 2744 1036 2792 codd.
1049 2742 1105 2795 Gel.
1129 2758 1212 2806 upcce,
1224 2745 1314 2795 RVd.

189 2821 269 2876 apoto,
284 2813 352 2865 Pint.
372 2852 403 2861 -
422 2810 514 2875 foliato
530 2812 640 2872 est,Vd.
658 2809 773 2874 foliatae,
786 2812 818 2861 Β.
837 2851 868 2860 ..
896 2808 1052 2873 creptam.
1079 2807 1314 2877 meropia'l'dssr.

188 2881 222 2931 V.
234 2880 365 2945 Theophr.
382 2879 440 2930 hist.
452 2880 533 2944 plant
550 2879 611 2929 VII.
624 2883 648 2941 8,
662 2884 693 2940 5,
711 2880 754 2929 ubi
769 2874 860 2942 πικρίς
875 2877 1021 2939 coniiciuut,
1039 2879 1107 2942 quod
1119 2881 1185 2942 apud
1197 2879 1315 2930 Plinium

189 2963 291 3013 quoque
302 2961 425 3011 reponare
435 2947 491 2996 vult
502 2946 616 2998 Gronov.
635 2986 666 2996 -
685 2944 752 3007 lotos,
764 2942 948 3009 RVTddpp.
968 2942 1049 3006 lothar,
1062 2942 1087 2994 δ.
1105 2953 1186 3009 aputa,
1196 2941 1227 3006 β.

222 3050 238 3112 ξ
252 3053 307 3099 100.
330 3062 391 3109 quae
403 3053 433 3107 et,
445 3048 477 3097 Β.
499 3062 568 3110 quoe,
579 3043 681 3111 Vdssr.
705 3046 813 3109 Sumpta
824 3046 888 3096 hacc
899 3054 959 3096 sunt
970 3061 1003 3096 ex
1015 3046 1147 3110 Thcopbr.
1160 3047 1218 3096 hist
1230 3047 1314 3111 plant.

189 3112 250 3163 VII.
263 3119 287 3173 9,
303 3119 324 3162 t.
343 3152 374 3163 -
401 3112 515 3176 anpuclt's,
527 3114 562 3164 V.
587 3152 615 3162 ..
635 3111 715 3177 soliis,
731 3114 815 3162 RVd.
838 3152 869 3163 ..
896 3111 1000 3177 capulis,
1014 3113 1045 3163 Β.
1071 3113 1120 3162 ium
1137 3129 1191 3162 vero
1207 3113 1315 3178 cacaleb,

189 3182 275 3231 VTd.
299 3221 330 3229 -
357 3179 472 3243 oplrucuc,
489 3183 513 3231 d.
539 3195 638 3244 apuam,
655 3181 689 3231 V.
714 3196 797 3244 upucc,
813 3181 844 3231 T.
871 3179 971 3244 aparte,
987 3181 1019 3231 Β.
1042 3221 1073 3230 ..
1100 3179 1213 3241 onoclib',
1231 3183 1314 3234 Hurd.

189 3246 300 3308 onochilo,
316 3238 405 3297 ORV.
429 3246 539 3309 coralite,
551 3249 605 3298 Td.
628 3245 769 3309 oaociclrlue,
782 3248 886 3298 Barbar.
898 3243 928 3308 β.
947 3289 978 3298 -
1002 3245 1125 3304 admodo,
1136 3243 1165 3308 β.
1183 3288 1215 3299 -
1237 3248 1315 3312 polio,

189 3315 303 3433 Quor.
326 3313 423 3378 phallu,
440 3316 524 3367 RVd.
543 3314 623 3378 folia,
641 3313 769 3380 Trldpp.
789 3316 845 3367 Om.
862 3312 895 3379 β;
919 3325 946 3366 at
961 3332 984 3366 v.
1002 3316 1135 3380 Theophr.
1153 3315 1212 3368 hist.
1229 3317 1315 3381 plant.

245 3390 305 3444 .1o‚
320 3388 343 3433 s.

224 3485 309 3547 5101.
331 3499 427 3548 cyncps,
444 3486 517 3536 codd.
529 3485 642 3535 Barbari.
668 3485 784 3549 rtunpsa,
795 3486 830 3535 V.
855 3492 978 3549 stunypsc,
996 3486 1020 3534 d.
1046 3485 1186 3550 stanypi‚R
1202 3481 1315 3548 (Rigalt.

190 3566 230 3615 ap.
247 3551 354 3602 Salmas.
371 3565 454 3601 cxerc.
469 3568 495 3617 p.
508 3558 565 3602 912.
578 3550 657 3615 aB.)
683 3553 994 3617 stuncpos,ulterumanus
1005 3552 1101 3615 Rigalt.
1127 3559 1241 3616 cecrops,
1258 3567 1315 3603 me-

190 3620 267 3669 liores
279 3619 337 3667 libri
349 3619 456 3670 Salmas.
476 3659 506 3669 ,
528 3617 678 3683 stelephuros,
690 3622 765 3670 codd.
776 3620 891 3670 Barbari.
913 3618 1064 3685 steleplayros,
1075 3620 1110 3670 V.
1132 3617 1269 3684 stelepyros,
1280 3621 1315 3671 Β.

190 3684 334 3750 sularibus,
351 3689 374 3736 d.
402 3685 520 3737 Ceterum
536 3688 599 3737 haec
616 3696 675 3738 sunt
690 3696 792 3752 sumpta
808 3702 841 3736 ex
857 3689 989 3752 Theophr.
1007 3688 1066 3738 hist.
1078 3689 1156 3753 plant
1174 3687 1236 3737 VII.
1251 3691 1275 3748 7,
1289 3693 1315 3737 3.

193 3760 269 3816 11,t.
292 3793 323 3803 ..
350 3761 462 3819 ortyyem,
477 3746 556 3805 ORd.
582 3762 687 3820 ortypaa,
698 3756 760 3806 VT.
787 3761 879 3819 ortch,
894 3749 924 3815 β.
947 3795 978 3805 -
1004 3752 1114 3816 duamur,
1130 3755 1315 3805 v.ind.rsrnm

190 3837 246 3872 av.
262 3819 385 3886 planiaco.
407 3862 437 3872 ..
463 3820 579 3888 thryallis,
595 3823 700 3873 Barbar.
724 3820 850 3886 ptryalle,
862 3822 896 3872 V.
919 3820 1042 3885 plricllti,
1059 3824 1083 3872 d.
1105 3820 1212 3887 prialtu,
1228 3823 1261 3872 Β.
1276 3861 1314 3873 .-

190 3887 332 3952 abpecuros,
344 3890 378 3940 V.
402 3887 540 3953 alepicuroc,
553 3891 577 3940 d.
597 3930 629 3940 ...
650 3887 755 3950 similem,
768 3892 791 3939 d.
815 3929 846 3938 -
868 3887 932 3951 ciet,
945 3889 977 3940 Β.
1004 3898 1035 3952 et,
1051 3889 1108 3940 Vd.
1132 3930 1163 3940 ..
1184 3905 1317 3952 proxuma,

190 3956 245 4006 Rd.
270 3955 385 4020 proxime,
401 3950 460 4007 OV.
479 3998 510 4008 ...
534 3957 604 4005 eiest
615 3964 649 4018 et,
666 3958 703 4006 ita
713 3971 761 4006 nos
773 3953 926 4020 scripsimus.
952 3964 1061 4018 eiectat,
1079 3958 1111 4007 Β
1137 3964 1213 4019 estat,
1229 3948 1316 4009 ovd.

174 4020 363 4089 sclaomir.
384 4066 410 4076 ..
437 4023 589 4090 etalcpltyms,
600 4024 634 4076 V.
657 4022 794 4088 stelepyrua,
806 4024 837 4074 Β.
856 4063 887 4073 ...
909 4023 1095 4088 carminantli.
1117 4023 1317 4088 perminuatibus,

190 4087 323 4156 BVdssr,
340 4095 408 4156 quod
424 4094 456 4143 ob
473 4099 624 4144 structuram
639 4092 711 4142 nullo
726 4094 805 4142 modo
822 4089 880 4141 ferri
891 4100 982 4156 potest.
1004 4092 1081 4152 Illud,
1097 4093 1150 4143 sive
1161 4093 1255 4143 codicis
1266 4093 1317 4142 ali-

190 4160 261 4210 cuius
273 4161 395 4224 scriptura
406 4160 459 4211 siva
475 4161 568 4210 librarii
585 4159 626 4210 vel
644 4159 689 4208 viri
706 4160 775 4209 docti
792 4159 937 4211 coniectura
952 4168 1003 4222 est,
1021 4160 1108 4211 nititur
1128 4160 1212 4210 verbis
1228 4160 1318 4211 Theo·

190 4227 289 4291 phrnsti
306 4228 364 4279 hist.
382 4229 461 4292 plant.
478 4227 540 4278 VII.
558 4233 597 4288 ll,
615 4233 639 4278 3.
668 4221 702 4276 τὰ
720 4222 752 4276 δὲ
769 4223 921 4294 κιχωριώδη
939 4224 1025 4278 πάντα
1044 4224 1096 4290 μὲν
1114 4215 1317 4292 &resecanda
