2896 4792
335 283 525 329 manvus
554 278 910 327 csr.xxv11..xxvnr.
941 277 1039 325 suos.
1056 280 1088 322 u.
1214 260 1277 324 203

100 516 103 521 Ι
154 445 284 502 curatur
297 444 339 500 ‘ut
360 434 456 500 vinea
476 444 570 521 votus
592 432 689 496 semel
710 432 796 497 fossa
811 430 863 510 sit,
885 430 935 494 bis
950 429 1091 505 novella3
1114 451 1192 493 oves
1206 438 1277 495 ton·

154 538 281 614 dentur,
304 535 451 619 lupinum
467 533 664 599 stercorandi
678 555 776 597 causa
790 532 934 610 vertitur,
951 542 1037 596 terra
1051 529 1277 616 proscinditur,

154 638 239 704 vicia
258 638 293 701 in
314 636 469 722 pabulum
491 645 628 713 secat-ur,
650 634 724 700 leba
744 635 885 712 metitur,
909 634 982 698 dein
1006 633 1198 698 concutitur.

196 737 368 804 XXVIII.
404 738 504 802 Prata
525 737 611 803 circa
631 736 694 802 kal.
717 735 789 802 Iun.
811 735 1003 813 caeduntur,
1032 756 1168 818 quorum
1186 732 1341 798 facil-sss

154 838 232 904 lima
258 839 409 926 agricolis
438 861 515 903 cura
542 861 581 903 ac
602 837 736 903 minumi
761 837 894 923 inpendi
914 836 995 902 hacc
1016 837 1057 901 de
1080 858 1115 901 se
1136 833 1279 920 postulat

156 939 229 1004 dici.
253 938 405 1024 Relinqui
426 939 545 1005 debent
566 939 703 1004 inlecto
726 939 793 1003 solo
815 939 867 1004 vel
888 938 997 1002 umido
1018 938 1070 1003 vel
1091 938 1199 1024 riguo,
1222 956 1277 999 ea-

156 1061 218 1124 que
247 1063 332 1125 aqua
358 1041 470 1127 pluvia
496 1041 596 1129 rigari
625 1041 677 1105 via
697 1040 837 1127 publica.
871 1039 1088 1104 Utilissimum
1114 1037 1208 1103 simul
1230 1044 1280 1101 est

155 1140 274 1206 herbae
296 1164 403 1221 arare,
433 1143 508 1208 dein
531 1143 661 1221 cmfire,
686 1164 793 1207 serere
813 1141 925 1207 florem
948 1164 989 1206 ex
1011 1139 1161 1208 fenilibus
1183 1148 1280 1222 atque

125 1325 128 1328 ‚
157 1265 198 1308 ex
220 1243 431 1328 praesepibus
453 1244 528 1308 feno
543 1244 703 1329 dilapsum
718 1266 871 1331 spargere
886 1242 1074 1327 priusquam
1087 1240 1278 1313 cratiantur;

156 1366 217 1410 nec
238 1343 344 1429 primo
363 1366 448 1410 anno
469 1344 569 1432 rigari
590 1367 652 1411 nec
673 1345 764 1431 pasci
786 1354 858 1409 ante
881 1344 1021 1409 secunda
1046 1341 1209 1419 fenisecia,
1237 1360 1280 1405 ne

156 1445 275 1510 herbae
297 1445 456 1510 vellantur
476 1447 660 1531 obtrituque
680 1446 879 1511 hebetentur.
912 1443 1093 1510 Senescunt
1113 1453 1206 1529 prata
1226 1463 1279 1506 re-
1293 1456 1342 1504 sos

158 1546 312 1629 stituique
340 1547 461 1612 debent
487 1547 563 1612 faba
587 1548 621 1613 in
648 1548 689 1614 iis
719 1559 788 1612 seta
814 1548 866 1612 vel
892 1548 978 1633 rapis
1000 1547 1052 1611 vel
1073 1544 1175 1622 milio,
1205 1565 1280 1609 mox

156 1647 344 1732 insequente
365 1646 630 1714 auno'frumento
649 1648 879 1733 rursusquein
900 1659 993 1734 prata
1015 1647 1109 1713 tertio
1131 1643 1280 1728 relinqui,

158 1760 326 1836 praeterea
352 1750 502 1834 quotiens
529 1762 618 1816 secta
640 1751 704 1817 sint
726 1750 835 1816 siciliri
860 1749 922 1816 hoc
943 1759 992 1815 est
1019 1770 1102 1833 quae
1123 1746 1280 1812 feniseces

159 1851 395 1936 praeterierunt
423 1851 525 1918 secari
532 1877 542 1929 3
565 1862 615 1917 est
640 1852 726 1917 euim
751 1853 784 1916 in
810 1852 922 1938 primis
943 1851 1055 1915 inutile
1079 1848 1186 1914 enasci
1205 1846 1280 1912 her·

53 2028 64 2033 ,
91 2024 94 2028 ,
158 1951 216 2016 bes
239 1962 478 2017 sementaturas.
511 1951 624 2018 Herba
645 1965 778 2039 optuma
798 1953 833 2017 in
855 1963 949 2039 prato
975 1952 1092 2028 trifoli,
1123 1969 1281 2035 proxuma

156 2054 327 2139 gruminis,
355 2054 497 2139 pessima
518 2055 689 2133 nummuli,
718 2055 866 2139 siliquam
889 2055 985 2119 etiam
1006 2053 1109 2118 diram
1129 2050 1279 2129 ferentiss

156 2152 261 2219 invisa
284 2166 317 2219 et
338 2155 513 2239 equisaetis
535 2167 599 2234 est,
627 2178 647 2220 a
668 2156 876 2221 similitudine
904 2156 1040 2240 equinae
1063 2165 1179 2220 saetae.
1218 2149 1280 2217 Ss-
1294 2168 1344 2213 aso

158 2255 251 2320 candi
275 2267 418 2341 tempus,
441 2279 515 2322 cum
537 2257 626 2342 spica
649 2258 855 2323 deflorescere
877 2259 983 2345 coepit
1004 2268 1100 2341 atque
1120 2252 1279 2332 roborari3

157 2357 331 2422 secandum
342 2368 514 2441 antequam
524 2359 693 2424 inarescat.
711 2357 804 2436 Cato,
820 2360 989 2439 ‚,fenum''‚
1000 2359 1114 2443 inquit,
1131 2378 1196 2436 „ne
1209 2378 1281 2420 sero

157 2480 262 2535 seces3
300 2458 389 2543 prius
418 2480 514 2542 quam
542 2482 651 2525 semen
679 2472 839 2525 maturum
867 2462 923 2539 sit,
959 2461 1100 2526 secato.”
1139 2457 1282 2539 Quidam

156 2559 260 2643 pridie
274 2559 398 2644 rigant,
421 2559 477 2624 ubi
493 2570 568 2624 sunt
581 2561 684 2646 rigua.
706 2560 862 2626 Noctibus
882 2561 1017 2626 roscidis
1038 2560 1137 2624 secari
1156 2559 1280 2623 melius.

158 2656 326 2741 Quaedam
347 2670 456 2746 partes
477 2660 589 2726 Italiae
610 2673 685 2747 post
705 2685 844 2727 messem
865 2673 984 2728 secant.
1018 2661 1096 2726 Fuit
1116 2660 1177 2724 hoc
1199 2679 1280 2742 quo-

157 2780 220 2843 que
242 2761 370 2826 maioris
391 2760 524 2848 inpendi
546 2763 633 2848 apud
653 2763 791 2849 priores,
815 2761 953 2829 Creticis
975 2773 1099 2827 tentum
1121 2772 1279 2825 transma-

156 2859 298 2946 rinisque
321 2863 444 2929 cotibus
465 2863 550 2930 notis
572 2888 633 2930 nec
654 2864 716 2931 uisi
738 2864 807 2930 oleo
829 2865 931 2931 aciem
950 2864 1041 2930 falcis
1055 2862 1279 2929 excitantibus.

156 3049 182 3151 p.
194 3036 252 3086 ³7⁷.
265 3036 367 3087 coniicit
376 3039 512 3101 legendum
522 3053 577 3089 esso
585 3035 727 3104 ὀφιοῦχος.
739 3080 770 3092 .,
797 3037 849 3101 VI„
861 3041 1006 3090 Pontedera
1017 3040 1035 3089 l.
1048 3040 1064 3089 l.
1074 3054 1100 3103 p.
1109 3043 1167 3090 ³56.
1177 3043 1237 3089 eet.
1248 3078 1279 3088 ..

172 3099 203 3151 ul.
216 3118 278 3160 uero,
290 3120 312 3153 a.
331 3121 386 3154 vero
397 3104 453 3166 IuL,
465 3109 518 3159 Τά.
535 3105 592 3168 lut,
605 3108 685 3159 schol.
699 3107 818 3159 German.
838 3148 869 3157 -
892 3105 1047 3172 ionps'ssimus,
1060 3110 1097 3158 ad
1109 3104 1203 3169 (schol.
1217 3106 1280 3161 Ger·

156 3167 237 3232 man.)
256 3168 402 3235 lonyissimu
412 3168 442 3234 β.
461 3215 492 3224 -
511 3190 573 3235 mou,
586 3177 609 3224 d.
629 3215 661 3224 ..
679 3175 780 3239 suspicit,
792 3177 874 3227 schol.
889 3175 1008 3227 Gormsn.

190 3235 275 3296 §est
303 3247 407 3301 curetur,
420 3243 494 3291 Tad.
512 3238 725 3306 curaturquefir.
744 3284 776 3292 ..
799 3242 901 3303 vitius.
920 3284 951 3293 -
976 3242 1037 3303 dein,
1051 3245 1123 3292 Tan.
1147 3237 1280 3305 daudati.

158 3345 189 3352 -
207 3304 345 3368 concutitur,
358 3325 380 3356 a.
399 3307 500 3369 cuditur,
514 3311 568 3358 Td.
585 3310 644 3359 Hoc
655 3311 827 3374 recipiendum
839 3313 880 3361 vel
893 3311 1010 3360 excutitur
1020 3312 1157 3374 legendum
1175 3325 1230 3362 esse
1242 3310 1280 3360 di·

157 3373 191 3422 cit
202 3372 322 3423 Schneid.
336 3377 367 3424 ud
380 3374 517 3426 Columell.
530 3376 565 3425 II.
580 3381 619 3437 10,
635 3382 673 3427 14.

190 3442 205 3503 ξ
217 3446 275 3490 258.
301 3441 372 3490 simul
382 3450 424 3504 est,
436 3444 472 3493 ita
484 3459 530 3493 nos
542 3444 694 3507 scripsimus.
717 3444 807 3506 simule,
819 3461 842 3494 a.
865 3445 936 3497 simul
946 3445 994 3507 bec,
1007 3446 1031 3496 d.
1053 3445 1126 3494 amul
1136 3453 1165 3506 et,
1177 3440 1228 3511 βγ.
1247 3485 1279 3496 -.

156 3506 233 3568 orori,
247 3510 270 3557 d.
289 3549 320 3558 -
348 3507 410 3571 dein,
424 3512 470 3560 ad.
496 3509 587 3572 deinde,
599 3507 650 3575 βγ.
670 3553 701 3562 -
723 3512 822 3577 profire,
835 3516 881 3564 ad.
905 3556 936 3564 -
959 3529 1044 3574 suere,
1056 3529 1079 3563 a.
1101 3513 1186 3573 sirore,
1199 3514 1223 3562 d.
1246 3552 1279 3562 .-

149 3574 232 3688 poeno,
245 3577 409 3694 nidmu&
430 3619 461 3626 -
478 3577 624 3642 pretiantur,
637 3596 659 3629 a.
679 3621 710 3629 -
726 3578 844 3642 fecunda,
856 3598 879 3631 a.
898 3623 927 3631 -
941 3581 1079 3644 senietiam,
1091 3597 1114 3631 a.
1133 3623 1165 3633 .,
1188 3578 1278 3629 hebete·

166 3657 202 3702 ur,
215 3658 238 3692 u.
273 3651 358 3705 cetur,
390 3682 396 3694 .

189 3713 275 3773 §259.
299 3710 335 3772 iis,
347 3713 384 3762 ita
395 3728 443 3763 uos
455 3715 608 3778 scripsimus.
626 3714 655 3776 is,
666 3714 701 3764 D.
719 3711 868 3780 1111,1111βγ.
887 3756 919 3765 ...
942 3716 1077 3782 insequenti,
1090 3719 1113 3767 d.
1135 3757 1161 3765 -
1181 3713 1279 3776 sicilire,

156 3779 224 3840 adr.
244 3819 275 3826 -
285 3778 415 3844 feniseces,
427 3783 473 3831 ad.
493 3823 524 3830 -
544 3781 642 3845 trifolio,
655 3797 677 3830 a.
696 3822 727 3831 -
747 3782 866 3840 nummuli,
879 3787 924 3837 ad.
942 3783 1062 3845 mimmuli,
1073 3780 1102 3845 β.
1117 3823 1147 3833 ..
1166 3781 1278 3846 siliquam

156 3851 181 3893 et
189 3843 252 3906 dinc,
261 3845 296 3895 D.
314 3845 404 3910 siliqua
415 3856 440 3898 et
452 3847 515 3910 dria,
528 3845 599 3910 adst.
622 3847 722 3912 siliquas
734 3858 758 3899 et
771 3848 845 3912 dirus,
857 3852 937 3901 Hard.
950 3867 974 3917 γ,
995 3894 1026 3903 -
1042 3850 1154 3914 ferentis,
1167 3851 1219 3900 Td.
1234 3850 1278 3915 se-

156 3911 245 3973 rendis,
256 3930 279 3962 a.
303 3912 428 3976 haerendo,
440 3917 544 3966 Barbar.
557 3918 591 3967 Κ.
601 3915 739 3979 soenuecs'e,
750 3913 779 3978 β.
798 3960 829 3969 -
849 3919 965 3984 equisonis,
977 3922 1031 3971 dK.
1050 3916 1165 3982 equiselis,
1177 3912 1226 3977 ass.

189 3979 274 4039 §teu
293 3980 404 4040 Secundi,
417 3999 440 4032 a.
460 4025 491 4032 -
509 3985 617 4047 coeperit,
629 3987 671 4034 dr.
691 4027 722 4034 -
740 3985 875 4048 secondum,
886 3988 976 4038 Dalcc.
989 3989 1033 4036 ad.
1051 3983 1184 4047 secundum,
1195 3979 1225 4046 β.
1244 4027 1275 4036 ..

160 4045 426 4124 octodorensis.
446 4091 476 4099 ..
493 4051 602 4112 foenum,
615 4068 638 4102 a.
658 4094 689 4102 ..
711 4061 797 4115 secato,
810 4054 884 4105 Cato.
908 4055 1053 4106 Omitted.
1073 4094 1104 4101 -
1128 4052 1276 4120 ubieunqa.

155 4115 196 4162 ubi
207 4131 253 4193 non
263 4127 325 4175 sunt,
338 4120 391 4177 Td,
408 4121 476 4180 quod
493 4134 551 4168 cum
563 4120 629 4168 Pint.
648 4121 758 4184 praefert
771 4121 889 4172 Schneid.
902 4123 935 4172 ad
947 4121 1085 4172 columen.
1098 4119 1133 4171 11.
1149 4127 1188 4183 18,
1203 4127 1225 4172 l.
1245 4162 1276 4173 ..

155 4179 271 4312 11111111εῷ
266 4199 317 4233 om.
330 4201 349 4234 r.
370 4225 399 4234 ..
418 4184 515 4246 cotibus,
527 4200 550 4234 a.
568 4187 666 4248 euubm,
679 4189 702 4237 d.
723 4228 752 4236 ..
772 4187 937 4252 ademfuiciq
951 4191 974 4238 d.
997 4187 1154 4253 nunsacu,
1166 4187 1278 4254 ascicis

155 4265 236 4311 m,
275 4265 299 4314 Y·
1015 4266 1019 4273 '
