2896 4792
198 270 258 334 168
549 284 754 332 urrunnun
777 286 972 333 urssoman

197 447 230 502 et
251 432 401 501 hebetare
424 456 537 501 sensus
559 434 767 515 existumata,
794 437 953 503 insomnia
978 461 1107 522 quoque
1128 439 1250 517 facere,
1277 439 1319 504 ob

195 539 275 604 haec
306 535 543 625 Pythagoricae
576 539 754 604 sententiae
786 539 952 617 damnata,
992 550 1029 604 ut
1060 539 1115 606 alii
1148 541 1319 619 tradidere,

194 639 345 725 quoniam
360 647 558 705 mortuorum
575 639 701 705 animae
721 639 784 705 sint
803 641 837 705 in
858 662 914 720 ea,
937 662 1001 725 qua
1022 641 1063 706 de
1085 664 1183 708 causa
1203 666 1320 729 puren-

196 741 293 807 tando
314 739 426 825 utique
447 739 636 806 adsumitur.
667 740 774 807 Varro
797 751 829 808 et
850 741 892 807 ob
913 741 993 808 haec
1013 742 1173 810 flaminem
1195 766 1235 809 ea
1256 761 1384 811 non11c

194 842 284 917 uesci
313 842 410 907 tradit
436 851 469 908 et
490 842 641 927 quoniam
666 842 702 907 in
732 841 810 908 flore
839 842 909 908 eius
936 842 1059 908 litterae
1085 843 1240 933 lugubres
1266 869 1319 911 re·

196 942 374 1030 pariantur.
394 942 436 1008 In
457 944 571 1010 eadem
591 943 764 1031 peculiaris
785 943 915 1032 religi03
937 966 1075 1029 namque
1090 945 1198 1011 fabam
1211 948 1321 1031 utique

196 1067 215 1111 e
237 1045 387 1133 frugibus
409 1045 531 1112 referre
553 1067 623 1112 mos
644 1057 694 1111 est
714 1045 841 1130 auspici
860 1067 974 1124 eausa,
996 1068 1078 1131 quae
1093 1047 1166 1113 ideo
1180 1047 1321 1114 referiva

196 1147 389 1234 appellatur.
421 1145 467 1211 Et
494 1144 699 1213 auctionibus
727 1146 882 1213 adhibere
911 1169 982 1213 eam
1006 1149 1168 1214 lucrosum
1194 1159 1321 1235 putant.

197 1245 275 1316 Sola
294 1258 381 1315 certe
399 1249 532 1336 frugum
551 1249 647 1315 etiam
665 1271 762 1315 exesa
779 1248 921 1335 repletur
940 1261 1105 1316 crescente
1123 1250 1200 1316 luna
1206 1274 1215 1326 3
1238 1272 1323 1334 aqua

92 1404 95 1409 .
196 1349 319 1415 marina
339 1349 441 1417 aliave
463 1351 547 1415 salsa
566 1372 630 1416 non
645 1350 864 1435 percoquitur.
888 1347 1015 1415 Seritur
1029 1362 1102 1416 ante
1117 1351 1322 1440 vergiliarum
1337 1369 1386 1413 120

196 1473 346 1519 occasum
367 1450 565 1540 leguminum
587 1451 709 1536 prima,
732 1467 768 1516 ut
789 1449 958 1517 antecedat
978 1451 1125 1519 hiemem.
1156 1452 1323 1542 Vergilius

198 1575 270 1620 eam
300 1573 359 1638 per
390 1573 448 1617 ver
478 1552 541 1618 aeri
580 1552 670 1618 iubet
704 1552 972 1639 circumpadanae
1005 1552 1119 1620 Italiae
1150 1554 1229 1631 ritu,
1265 1554 1322 1619 sed

196 1656 297 1721 maior
317 1676 394 1740 pars
415 1653 535 1720 malunt
557 1653 677 1719 fabalia
696 1665 843 1720 maturae
865 1655 998 1721 sationis
1020 1677 1116 1739 quam
1131 1655 1322 1722 trimestrem

198 1757 355 1835 fructum3
378 1755 448 1822 eius
467 1778 605 1841 namque
626 1756 761 1841 siliquae
782 1756 956 1841 caulesque
975 1757 1157 1844 gratissimo
1176 1768 1251 1822 sunt
1263 1780 1323 1843 pa·

196 1858 273 1924 bulo
294 1855 413 1943 pecori.
445 1855 560 1940 Aquas
581 1857 616 1923 in
636 1856 715 1923 flore
736 1880 886 1925 maxume
907 1859 1122 1945 concupiscit,
1152 1881 1225 1924 oum
1246 1881 1323 1925 vero

198 1957 360 2035 defloruit,
388 1956 524 2044 exiguas
545 1958 718 2024 desiderat.
752 1957 882 2038 Solum,
909 1960 1029 2045 inquo
1052 1970 1122 2025 sata
1143 1971 1208 2040 est,
1231 1961 1322 2025 laeti-

198 2061 276 2127 ficat
304 2059 453 2125 stercoris
479 2058 550 2125 vice
557 2083 566 2137 3
595 2059 669 2126 ideo
696 2061 782 2127 circa
802 2059 1028 2128 Macedoniam
1050 2060 1323 2145 Thessaliamque,

197 2184 272 2228 cum
303 2159 417 2226 florere
448 2160 569 2246 coepit,
602 2172 733 2227 vertunt
767 2185 853 2227 arva.
880 2160 1032 2227 Nascitur
1064 2172 1096 2227 et
1125 2185 1184 2227 sua
1212 2172 1325 2248 sponte
1340 2176 1384 2222 121

198 2264 359 2352 plerisque
380 2262 414 2326 in
442 2261 537 2341 locis,
566 2262 649 2329 sicut
676 2263 938 2350 septentrionalis
964 2263 1076 2328 oceani
1102 2262 1215 2328 insulis
1244 2285 1324 2346 quas

199 2365 240 2432 ob
262 2364 297 2430 id
318 2363 419 2428 nostri
440 2362 597 2428 Fabarias
622 2364 800 2451 appellant,
829 2365 908 2430 item
935 2363 969 2427 in
996 2362 1201 2428 Mauretania
1228 2364 1324 2429 silve·

199 2466 274 2534 stris
294 2465 432 2552 passim,
454 2465 513 2530 sed
535 2466 695 2551 praedura
717 2474 749 2531 et
770 2488 852 2551 quae
871 2464 1027 2552 percoqui
1044 2488 1109 2530 non
1124 2466 1235 2551 possit.
1257 2465 1324 2531 Na-

200 2568 301 2635 scitur
313 2567 348 2633 in
362 2566 517 2656 Aegypto
532 2566 786 2652 spinoso-caule,
809 2567 934 2653 quade
955 2588 1053 2632 causa
1075 2567 1226 2633 crocodili
1247 2588 1324 2631 ocu-

197 2667 240 2734 lis
263 2668 410 2734 timentes
431 2667 605 2756 refugiunt.
637 2667 827 2757 Longitudo
856 2690 954 2755 scapo
974 2677 1127 2752 quattuor
1147 2667 1326 2734 cubitorum
1341 2681 1389 2727 122

199 2781 265 2849 est,
287 2769 485 2856 amplissima
507 2769 687 2836 crassitudo
708 2770 821 2857 digiti,
842 2770 877 2835 in
899 2778 1019 2847 totum,
1042 2769 1076 2834 ni
1097 2769 1247 2856 genicula
1267 2769 1325 2835 ab·

200 2881 324 2948 esseut,
350 2871 438 2937 molli
460 2871 582 2937 calamo
610 2871 738 2949 similis3
768 2882 866 2958 caput
886 2871 1061 2959 papaveris
1089 2873 1195 2937 colore
1216 2893 1308 2937 roseo
1315 2895 1324 2947 ;

233 3041 277 3092 rai
291 3042 407 3104 hebetare,
419 3046 450 3095 T.
470 3085 501 3094 ..
524 3044 703 3110 Pythaporioae
717 3045 854 3106 sermatiae,
866 3049 911 3097 ad.
935 3045 1101 3112 Pytheqcric'a
1114 3045 1240 3106 sententio,
1252 3048 1325 3096 codd.

200 3109 258 3163 Gal.
269 3106 300 3171 β.
318 3150 349 3161 ..
367 3119 429 3173 sunt,
441 3114 515 3163 codd.
529 3112 586 3165 Gel.
605 3154 637 3164 ..
654 3112 806 3177 parentando
816 3112 912 3177 sitique,
924 3129 948 3164 a.
963 3109 1078 3178 parenta¹¹
1091 3112 1221 3177 docuitque,
1233 3116 1257 3164 (1.

234 3181 250 3242 ς
264 3182 321 3229 119.
347 3185 371 3227 et
381 3179 419 3240 cb,
430 3195 454 3230 a.
471 3179 508 3241 oh,
521 3182 545 3230 (1.
567 3220 593 3229 -
615 3180 754 3245 assequar,
767 3183 840 3232 codd.
852 3182 967 3233 Barbari.
985 3180 1137 3246 elfwiba,
1149 3185 1195 3233 ad.
1213 3222 1245 3232 ..
1264 3196 1325 3240 mon,

200 3248 249 3297 ad.
269 3286 299 3296 -
318 3246 430 3309 referiva,
446 3239 560 3299 esaar.
584 3248 684 3311 refriva,
696 3250 765 3300 Fast.
778 3264 803 3313 p.
817 3253 875 3301 271.
888 3251 927 3299 ed.
939 3250 1017 3301 Mull.
1040 3248 1141 3314 resrinn,
1152 3246 1181 3311 β.
1201 3291 1232 3299 ..
1255 3247 1325 3298 adhe

201 3314 254 3363 bera
265 3328 325 3374 eam,
341 3305 439 3365 Orac.
458 3330 509 3363 eam
521 3313 637 3376 adhiberi,
649 3311 679 3378 β.

234 3384 250 3446 5
264 3385 320 3432 lao.
347 3389 373 3430 at
384 3381 514 3443 comedat,
526 3400 549 3434 a.
572 3390 616 3432 aut
626 3381 752 3444 cntaeedr't,
764 3386 788 3434 (1.
808 3425 839 3434 ..
871 3384 990 3450 Varpih‘ur
1001 3399 1090 3449 georg.
1104 3392 1126 3446 l,
1139 3387 1196 3435 215.
1217 3423 1248 3432 ..
1265 3383 1325 3443 sari,

200 3465 225 3499 a.
244 3490 274 3500 -
294 3448 363 3511 ritae,
375 3452 399 3500 (1.
418 3491 448 3500 ..
468 3449 565 3511 mavult,
577 3451 609 3500 K.
630 3492 660 3500 ..
683 3448 791 3512 rationu,
804 3468 827 3501 a.
846 3493 878 3502 -
893 3453 1005 3515 fractam
1017 3453 1082 3512 eim
1093 3466 1201 3514 namque,
1212 3445 1241 3510 β.
1263 3448 1326 3497 Eius

200 3515 287 3580 utique,
299 3518 388 3568 Delec.
407 3557 438 3568 ...
455 3517 598 3583 pothamo,
611 3535 634 3568 a.
651 3517 790 3584 mutuarat,
802 3536 822 3569 r.
839 3510 1013 3589 yratcamtlsll,
1025 3521 1049 3569 (1.
1069 3559 1100 3567 ..
1117 3515 1209 3582 pabuli,
1221 3519 1282 3566 adr.
1293 3557 1324 3565 .-

200 3583 322 3648 ecnspicit,
334 3602 356 3634 a.
377 3625 408 3634 ..
426 3583 567 3649 deflerem,
581 3588 634 3636 Td.
654 3627 685 3636 ..
703 3585 786 3649 eoepit,
803 3579 903 3638 orae.
921 3587 1015 3650 incepit,
1026 3581 1056 3646 β.

234 3650 321 3713 5121.
347 3652 510 3713 Mauritania,
522 3669 545 3703 a.
563 3652 708 3714 mauriana,
720 3655 757 3704 d².
775 3654 952 3715 maritinaffl.
969 3694 1001 3703 ..
1020 3651 1137 3704 Nascitur
1147 3651 1179 3709 in,
1192 3666 1216 3700 a.
1234 3650 1324 3701 Nasci·

201 3719 318 3781 atrata,
331 3716 381 3781 ᾱβ.
405 3760 435 3769 ..
458 3718 586 3781 cromddli,
599 3737 622 3771 a.
647 3760 678 3770 ..
705 3719 786 3770 ocule.
804 3721 1003 3773 Iucodaaute
1014 3720 1040 3769 h.
1052 3735 1075 3768 v.
1089 3721 1154 3769 duae
1167 3720 1275 3779 litterae,
1287 3720 1324 3768 uti

200 3803 239 3848 ce,
251 3803 345 3838 erasae.
632 3814 634 3819 ·

235 3854 322 3916 §raa
347 3855 475 3913 umbrae.
504 3895 536 3905 -
562 3854 640 3919 diqitr‘,
658 3871 691 3906 ex
708 3855 841 3918 Theophr.
858 3854 918 3904 hist.
934 3855 1013 3918 plant.
1030 3856 1078 3906 IV.
1097 3861 1121 3915 8,
1139 3858 1161 3903 7.
1178 3849 1280 3910 καυλὸς
1291 3851 1323 3902 δὲ

201 3918 286 3971 αὐτοῦ
301 3924 391 3987 μῆκος
399 3919 450 3983 μὲν
465 3919 482 3970 ’ὁ
493 3918 666 3984 μακρότατος
676 3918 720 3980 εἰς
734 3919 868 3987 τέτταρας
877 3918 982 3988 πήχεις,
995 3919 1084 3989 πάχος
1094 3919 1126 3970 δὲ
1139 3917 1321 3980 δακτυλιαῖος,

201 3991 316 4040 inserunt
333 3992 412 4041 Turn.
429 3993 539 4050 ((11.28,
553 3996 594 4040 42.
611 3997 638 4040 et
650 3990 770 4041 Schneid.
787 3991 821 4040 ((1
836 3989 935 4040 Pallad.
953 4005 978 4053 p.
991 3997 1041 4051 88.,
1055 3991 1136 4040 omitt
1149 3986 1272 4053 Tadssy.
1291 4031 1322 4038 -
1355 4024 1361 4034 .

201 4055 227 4105 in
240 4064 320 4119 atum,
329 4057 361 4119 ni,
371 4058 406 4108 ita
414 4072 462 4108 uos
472 4057 626 4120 scripsimus.
646 4057 728 4118 aaut,
740 4059 814 4108 Tad.
832 4056 890 4119 tato,
902 4049 931 4107 θ.
950 4056 981 4118 ni,
991 4058 1138 4110 Schneider.
1149 4060 1181 4108 ed
1191 4058 1322 4120 Theophr.

202 4124 233 4174 T.
250 4124 299 4174 111.
316 4141 340 4188 p.
357 4130 415 4175 389.
433 4133 492 4189 post
508 4123 616 4174 Salmas.
634 4139 718 4175 exerc
735 4140 760 4189 p.
780 4131 837 4176 880.
855 4126 881 4175 b.
898 4125 930 4176 G.
963 4141 1018 4186 nee,
1034 4123 1085 4189 βγ.
1113 4125 1195 4175 Dein
1213 4132 1283 4173 atum
1300 4140 1323 4173 v.

202 4192 234 4240 ad
247 4198 271 4253 8,
285 4197 325 4243 45.
336 4233 367 4243 ,
386 4193 498 4252 armat,
510 4192 598 4253 Turn,
610 4192 718 4244 Salmas.
729 4200 754 4243 et
763 4193 883 4245 Schneid.
892 4195 926 4243 ad
936 4194 1068 4259 Theopbr.
1087 4194 1184 4251 chatet,
1194 4208 1216 4240 a.
1236 4191 1324 4240 habeas

202 4255 251 4320 sed,
264 4260 317 4311 Τὰ.
335 4266 404 4325 esset,
417 4251 445 4309 θ.
463 4254 603 4324 1(ὸα,βγ.
622 4301 653 4311 ..
672 4258 764 4323 (ἰαίἰὶε,
777 4255 848 4312 θ((1.
865 4260 948 4324 subtile,
959 4256 1004 4327 βγ
1013 4263 1046 4313 ((1
1054 4275 1162 4325 sequens
1171 4259 1323 4309 vocabulum
