2896 4792
431 282 502 328 nra.
518 280 622 328 xvm.
651 279 730 327 car.
746 280 796 326 ιιι.
821 278 919 326 sacr.
934 280 953 320 a
968 280 987 320 a.
1211 262 1271 325 141

150 434 290 512 Collina,
312 429 496 515 Exquilina.
519 428 681 494 Nundinis
703 428 813 494 urbem
837 427 1047 493 revisitabant
1069 439 1100 492 et
1122 428 1196 492 ideo
1217 448 1272 492 eo·

39 556 43 563 ·
148 536 241 601 mitia
260 532 413 599 nundinis
434 531 552 596 habere
573 553 638 596 non
659 529 791 608 licebat,
821 552 862 594 ne
882 529 993 614 plebes
1015 529 1136 594 rustica
1158 548 1272 593 avoca·

148 645 248 701 retur.
270 631 374 714 Quies
395 653 590 715 somnusque
611 630 645 693 in
669 631 848 695 stramentis
871 642 949 695 erat.
973 627 1119 695 Gloriam
1135 627 1272 712 denique
1288 649 1318 692 ιι

148 737 254 822 ipsam
274 757 296 799 a
315 733 408 799 farris
428 732 550 799 honore
579 733 730 797 adoream
758 731 973 817 appellabant.
1010 730 1172 814 Equidem
1202 730 1273 816 ipsa

149 836 246 903 etiam
267 835 366 901 verba
387 834 513 919 priscae
535 832 779 918 significationis
801 832 957 907 admiror3
990 832 1035 894 ita
1063 830 1148 896 enim
1170 830 1273 895 estin

150 935 377 1001 conmentariis
398 934 601 1019 pontificumz
624 933 786 1021 „augurio
807 933 935 997 canario
957 931 1083 1016 agendo
1105 931 1174 996 dies
1196 953 1274 997 con·

150 1038 324 1103 stituantur
350 1034 539 1121 priusquam
566 1034 727 1099 frumenta
753 1034 880 1119 vaginis
907 1046 1022 1098 exeant
1050 1043 1083 1096 et
1104 1042 1274 1117 antequam

148 1137 183 1202 in
204 1136 339 1224 vaginas
360 1135 581 1220 perveniant.”

191 1240 223 1303 4.
256 1237 347 1324 Ergo
374 1235 425 1301 his
447 1235 589 1301 moribus
610 1258 673 1301 non
695 1236 789 1301 modo
811 1235 1013 1301 sufficiebant
1034 1236 1160 1323 fruges,
1187 1236 1275 1301 nulla
1289 1255 1320 1300 ιι»

150 1338 387 1425 provinciarum
407 1346 561 1422 pascente
583 1334 727 1412 Italiam,
749 1358 862 1402 verum
884 1335 979 1399 etiam
1002 1357 1146 1400 annonae
1168 1336 1274 1403 vilitas

149 1438 346 1505 incredibilis
363 1449 441 1503 erat.
484 1436 615 1501 Manius
630 1436 775 1501 Marcius
796 1436 910 1501 aedilis
932 1435 1036 1520 plebis
1058 1436 1182 1520 primus
1203 1437 1275 1503 fru-

151 1544 294 1603 mentum
313 1539 433 1624 populo
453 1539 488 1603 in
510 1537 633 1602 modios
653 1537 780 1602 assibus
800 1537 931 1600 detavit.
964 1535 1005 1600 L.
1025 1535 1185 1602 Minutins
1198 1537 1274 1603 Au-

151 1638 304 1727 gurinus,
326 1642 382 1724 qui
398 1637 456 1724 Sp.
471 1637 628 1704 Maelium
642 1649 846 1725 coarguerat,
869 1637 963 1702 farris
978 1637 1120 1723 pretium
1133 1639 1167 1702 in
1182 1637 1275 1704 trinis

151 1740 303 1805 nundinis
324 1741 366 1806 ad
387 1763 492 1805 assem
513 1741 638 1826 redegit
659 1741 859 1805 undecumus
884 1738 992 1825 plebei
1019 1738 1182 1817 tribunus,
1210 1761 1275 1824 qna

152 1841 194 1906 de
215 1863 313 1907 causa
335 1853 441 1907 statua
470 1842 499 1906 ei
521 1851 613 1905 extra
638 1852 766 1927 portam
789 1841 991 1929 trigeminam
1012 1862 1032 1904 a
1053 1842 1171 1926 populo
1193 1842 1274 1928 stipe

152 1941 276 2007 conlata
303 1952 424 2007 statuta
450 1952 509 2006 est.
553 1940 591 2006 T.
622 1939 718 2007 Seius
744 1941 778 2005 in
806 1941 969 2007 aedilitate
997 1941 1123 2007 assibus
1154 1943 1274 2029 populo
1288 1961 1319 2007 ιθ

152 2043 346 2108 frumentum
361 2041 539 2128 praestitit,
561 2063 659 2125 quam
679 2041 720 2106 ob
744 2064 874 2107 causam
897 2052 930 2107 et
951 2042 980 2106 ei
1003 2052 1128 2121 statuae
1149 2044 1183 2107 in
1205 2042 1273 2110 Oa-

151 2143 263 2227 pitolio
279 2165 318 2211 ao
332 2142 453 2227 palatio
468 2142 591 2206 dicatae
607 2153 696 2219 sunt3
712 2143 784 2227 ipse
799 2165 949 2229 supremo
964 2143 1016 2207 die
1030 2145 1141 2229 populi
1155 2147 1275 2212 umeris

151 2254 298 2328 portatus
312 2244 346 2308 in
364 2266 480 2332 rogum
494 2255 551 2308 est.
584 2242 786 2328 Verumque
806 2267 890 2310 anno
908 2255 1010 2310 mater
1030 2245 1126 2310 deum
1139 2247 1275 2314 advecta

152 2343 288 2410 Romam
304 2357 370 2424 est,
392 2345 546 2410 maiorem
560 2366 599 2408 ea
613 2357 736 2410 aestate
750 2368 887 2412 messem
901 2367 997 2430 quam
1012 2346 1277 2414 antecedentibus

152 2446 245 2511 annis
264 2446 376 2512 decem
394 2447 511 2510 factam
532 2468 605 2510 esse
628 2446 769 2510 tradunt.
797 2446 846 2510 M.
861 2446 967 2512 Varro
982 2457 1094 2512 auctor
1114 2458 1177 2525 est,
1200 2470 1274 2513 cum
1288 2464 1319 2511 ιι

151 2546 193 2611 L.
207 2547 359 2613 Metellus
380 2547 413 2610 in
436 2545 597 2631 triumpho
619 2548 785 2630 plurumos
807 2547 901 2612 duxit
923 2545 1124 2630 elephantos,
1147 2548 1274 2614 assibus

153 2647 288 2735 singulis
307 2648 401 2714 larris
419 2647 545 2713 modios
564 2647 679 2725 fuisse,
701 2647 778 2711 item
800 2647 867 2711 vini
888 2647 1019 2732 congios
1033 2645 1148 2730 ficique
1170 2648 1274 2714 dacae

152 2748 257 2833 pondo
278 2770 366 2827 xxx,
396 2749 457 2814 olei
478 2749 586 2835 pondo
607 2770 631 2811 x
638 2796 647 2825 ‚
674 2748 780 2812 carnis
800 2748 908 2834 pondo
929 2769 988 2811 x11.
1012 2746 1120 2812 Nece
1142 2748 1272 2815 latifun-

152 2848 214 2913 diis
237 2849 434 2936 singulorum
456 2847 661 2935 contingebat
678 2850 855 2914 arcentium
873 2849 1013 2926 vicinos,
1036 2848 1157 2935 quippe
1177 2849 1273 2915 etiam

151 2951 223 3037 lege
245 2949 386 3016 Stolonis
408 2951 517 3016 Licini
538 2951 661 3016 incluso
682 2951 777 3016 modo
799 2950 1047 3036 quingentorum
1071 2949 1219 3038 iugerum
1241 2961 1273 3017 et

152 3050 223 3136 ipso
247 3074 305 3116 sua
328 3050 400 3138 lege
424 3053 590 3130 damnato,
613 3075 687 3118 cum
713 3052 889 3118 substituta
906 3051 953 3117 fili
973 3074 1110 3138 persona
1135 3052 1273 3138 amplius

185 3226 253 3288 518.
274 3225 389 3286 urbanae,
402 3227 426 3274 d.
449 3241 527 3274 uanae
543 3227 626 3290 spatio
639 3227 777 3289 praemisso
791 3227 897 3276 duarum
915 3226 1062 3287 litterarum,
1075 3242 1098 3276 a.
1118 3266 1148 3275 -
1172 3225 1272 3290 manmi-

152 3291 201 3351 aia,
214 3286 331 3343 OTadr.
358 3292 506 3356 iqaomina'ae.
518 3288 547 3352 β.
567 3333 597 3342 ..
625 3292 685 3355 quis,
702 3296 725 3343 d.
752 3309 819 3357 quar,
835 3310 859 3343 a.
886 3287 1071 3356 qualitati...
1098 3291 1271 3357 θωῦμα.

153 3356 304 3420 samem,
316 3360 421 3410 Barbas.
442 3400 472 3408 ..
496 3359 634 3418 revssebaut,
647 3361 679 3410 Κ.
699 3401 730 3408 ..
753 3360 800 3409 nui
810 3359 928 3420 nundina,
939 3361 973 3410 Κ.
996 3361 1034 3409 At
1044 3375 1067 3409 v.
1080 3359 1186 3411 Gesner.
1198 3363 1273 3412 chre·

153 3435 226 3474 stom.
238 3426 305 3475 Plin.
318 3443 343 3490 p.
356 3431 404 3478 576
417 3442 469 3489 seq.
490 3467 519 3475 -
540 3425 631 3486 labere,
645 3428 690 3476 ad.
708 3426 793 3476 haberi
810 3423 839 3489 β.
859 3468 890 3476 ..
905 3425 994 3490 plebes,
1006 3443 1029 3477 a.
1045 3425 1119 3491 plebs,
1133 3424 1203 3493 ᾱβγ.

187 3495 254 3556 §lt
272 3509 349 3554 onae,
361 3510 384 3544 a.
404 3535 435 3543 -
453 3492 570 3550 adoriam
583 3495 629 3543 ad.
649 3534 680 3542 ..
702 3494 764 3557 ι’ρεα,
780 3464 808 3544 d
822 3495 911 3545 Omitt.
923 3489 993 3555 adss.
1012 3535 1043 3544 -
1067 3495 1128 3543 enim
1139 3504 1181 3559 eat,
1192 3512 1215 3546 a.
1237 3504 1272 3546 ert

153 3559 221 3618 caim,
233 3562 257 3609 d.
276 3559 400 3620 astatium,
413 3562 444 3610 T.
463 3601 494 3610 -
510 3560 657 3624 perveniunt,
670 3562 705 3610 a¹.
1057 3590 1059 3595 -

185 3629 200 3689 §
215 3632 253 3676 15.
272 3626 338 3686 nulli,
351 3630 396 3677 ad.
409 3669 439 3677 -
456 3626 558 3690 placila,
570 3628 624 3677 Da.
638 3668 669 3677 -
686 3629 785 3691 primm,
797 3629 880 3679 Bentl.
893 3630 926 3679 ad
936 3629 1028 3679 Horat.
1041 3645 1115 3680 serm.
1128 3631 1162 3680 Π.
1175 3636 1199 3692 3,
1214 3636 1270 3682 15⁶.

150 3690 364 3757 primumadssr.
383 3736 413 3744 -
438 3693 675 3758 medioa,d..medio,
691 3688 739 3745 Oa.
757 3736 788 3745 ..
810 3695 930 3758 passibus,
943 3691 972 3745 Θ.
990 3736 1022 3746 ..
1041 3693 1142 3759 datam,
1155 3693 1184 3747 θ.
1202 3696 1271 3746 dota·

151 3760 192 3874 aq't,
210 3763 234 3810 d.
260 3759 364 3822 donauit,
382 3757 452 3827 asty.
472 3803 502 3812 -
530 3761 571 3824 L.,
588 3765 611 3812 d.
625 3763 714 3815 Omitt.
733 3759 782 3825 ast.
802 3804 832 3813 -
860 3762 974 3827 Spurium
988 3763 1092 3826 Aelium,
1107 3781 1130 3815 a
1157 3764 1270 3828 aporiam

151 3827 228 3889 eiam,
240 3832 264 3878 d.
557 3854 564 3864 ·

185 3898 252 3959 §la
280 3897 308 3946 Τ.
322 3895 399 3957 aaa,
415 3897 451 3945 ita
463 3913 509 3948 nos
526 3897 678 3962 scripsimus.
710 3896 738 3948 Τ.
751 3897 840 3958 Sasiae,
858 3901 883 3949 d.
911 3898 1002 3962 Τνείιιε,
1018 3893 1065 3951 Oa
1096 3898 1201 3961 stetim,
1217 3895 1268 3964 βγ.

152 4002 183 4011 ..
199 3963 348 4026 stramentum
363 3963 387 4011 t'n
403 3962 491 4012 medios
505 3964 634 4027 praestitit,
645 3967 678 4016 K.
696 4007 728 4014 -
756 3959 1020 4027 Quoverum,0'1'ad.
1042 4007 1067 4015 ..
1094 3965 1217 4027 Roma‚a.
1236 4008 1268 4017 ..

151 4039 282 4079 maestate
295 4046 398 4091 masam,
414 4034 487 4082 codd.
500 4033 580 4082 Turn.
596 4034 652 4082 adv.
666 4040 688 4094 l,
701 4040 742 4084 20.
768 4049 820 4082 eam
836 4041 927 4082 aestate
942 4049 1045 4094 massan,
1062 4035 1086 4083 d.
1111 4048 1164 4081 aava
1179 4042 1269 4084 catate

151 4113 207 4158 esse,
218 4100 270 4148 Ta.
289 4114 319 4147 aa
329 4105 427 4157 aestum
438 4093 467 4159 β.
485 4138 517 4148 ..
528 4098 605 4163 sacta
615 4107 682 4161 esset,
694 4116 714 4150 r.

155 4232 161 4242 ἢ
184 4167 253 4283 §175
270 4164 382 4230 siayulm
393 4167 478 4217 Bentl.
490 4167 537 4216 l.l.
556 4206 587 4216 ..
604 4175 675 4229 pcata
687 4176 732 4230 ter,
744 4170 768 4218 d.
789 4176 900 4232 posttea
912 4185 935 4219 a.
955 4208 986 4217 ..
1005 4166 1070 4231 kara,
1082 4184 1105 4218 a
1125 4209 1156 4218 ..
1176 4168 1233 4234 ipsa,
1244 4188 1268 4222 a.

150 4246 224 4294 meae,
255 4271 261 4283 .
