2896 4792
195 295 256 358 164
549 304 753 352 NATURALIS
775 303 969 351 rusronmu

192 464 319 527 riantur
346 459 380 523 in
407 456 493 524 vasis
522 457 623 522 donec
655 467 818 535 acescant3
853 455 928 520 hinc
954 453 1145 518 fermentum
1174 452 1316 519 diluitur.

192 560 277 628 Cum
302 560 392 626 fieret
417 569 523 624 autem
550 557 644 644 panis
664 556 870 636 hordeacius,
900 555 967 621 ervi
990 564 1045 620 aut
1067 556 1242 620 cicerculae
1264 555 1316 619 fa·

191 664 261 727 rina
282 662 353 748 ipse
376 659 629 726 fermentabatur
635 682 644 734 ;
666 659 788 724 iustum
810 668 877 723 erat
899 658 983 723 duae
1004 656 1106 721 librae
1125 656 1160 719 in
1174 656 1317 741 quinque

192 764 361 832 semodios.
384 761 479 827 Nunc
502 762 694 826 fermentum
716 760 753 824 fit
774 782 815 825 ex
836 760 907 846 ipsa
928 758 1034 823 farina
1055 779 1139 843 quae
1155 756 1317 847 subigitur
1332 774 1381 819 rot

193 867 284 952 prius
306 887 403 951 quam
425 863 562 928 addatur
584 863 642 939 sal,
663 862 706 927 ad
726 860 826 948 pultis
847 862 979 926 modum
1001 861 1134 925 decocta
1155 874 1188 924 et
1204 859 1318 925 relicta

192 970 297 1033 donec
324 976 466 1044 acescat3
498 963 595 1051 volgo
617 985 693 1027 vero
719 985 779 1028 nec
808 962 1082 1029 subfervefaciunt
1110 961 1167 1026 sed
1194 972 1319 1026 tantum

191 1068 297 1154 pridie
324 1067 499 1133 ‘adservata
531 1065 667 1130 materia
700 1075 854 1142 utuntur,
886 1064 1056 1151 palamque
1089 1072 1138 1127 est
1169 1073 1318 1128 naturam

192 1192 285 1236 acore
307 1167 500 1246 fermentari,
524 1166 607 1232 sicut
628 1166 804 1232 evalidiora
824 1188 896 1231 esse
917 1186 1053 1252 corpora
1074 1186 1157 1249 quae
1176 1164 1317 1229 fermen-

193 1280 261 1336 tato
281 1292 366 1356 pane
387 1269 530 1347 alantur,
553 1267 674 1354 quippe
697 1290 770 1333 cum
792 1268 880 1354 apud
901 1277 1025 1332 veteres
1047 1265 1318 1352 ponderosissimo

193 1373 308 1455 cuique
330 1372 436 1438 tritico
457 1370 632 1457 praecipua
654 1368 824 1435 salubritas
846 1368 1005 1454 pcrhibita
1027 1368 1078 1433 sit
1120 1424 1126 1432 .

236 1475 287 1538 at.
310 1471 411 1538 Panis
424 1471 530 1557 ipsius
544 1469 636 1535 varia
657 1493 777 1558 genera
797 1470 947 1556 persequi
969 1490 1206 1556 supervacuum
1227 1468 1317 1533 vide-
1335 1482 1382 1549 top

153 1645 156 1649 ⁴
194 1583 262 1653 tur,
285 1573 365 1639 alias
386 1573 427 1639 ab
449 1571 590 1659 opsoniis
612 1572 774 1658 appellati,
797 1582 833 1636 ut
854 1571 1017 1649 ostrearii,
1039 1570 1118 1636 alias
1144 1593 1164 1634 a
1184 1569 1317 1648 deliciis,

192 1682 228 1739 ut
249 1673 444 1763 artolagaui,
477 1672 556 1738 alias
577 1695 597 1737 a
625 1672 844 1750 festinatione,
873 1682 910 1736 ut
931 1670 1099 1758 speustici,
1131 1693 1278 1736 necnon
1300 1693 1319 1735 a

194 1775 352 1859 coquendi
373 1774 509 1852 ratione,
526 1783 569 1837 ut
592 1772 736 1838 furnacei
765 1775 817 1840 vel
843 1774 1013 1859 artopticei
1039 1784 1096 1838 aut
1121 1773 1156 1838 in
1184 1770 1319 1838 ebbonis

193 1875 291 1954 cocti,
320 1897 383 1939 non
410 1875 537 1961 pridem
559 1874 655 1938 etiam
677 1897 696 1940 e
717 1873 847 1940 Parthis
867 1875 998 1941 invecto
1018 1897 1113 1959 quem
1135 1873 1319 1958 aquaticum

167 2012 175 2041 ι
196 1986 325 2055 vocant,
347 1977 498 2062 quoniam
518 1997 603 2060 aqua
623 1975 760 2042 trahitur
775 1999 794 2040 a
809 1976 897 2042 tenui
913 1988 947 2042 et
961 1999 1142 2064 spongeosa
1155 1975 1319 2052 inanitate,

194 2077 249 2143 alii
262 2063 460 2144 Parthicum.
484 2075 619 2144 Summa
632 2078 704 2144 laus
720 2078 857 2166 siliginis
877 2079 1018 2144 bonitate
1040 2090 1073 2143 et
1095 2076 1192 2143 cribri
1214 2076 1319 2141 tenui-

194 2189 259 2244 tate
274 2189 406 2244 constat.
429 2178 572 2261 Quidam
586 2203 628 2245 ex
642 2178 714 2246 ovis
728 2190 783 2245 aut
801 2179 885 2246 lacte
908 2177 1081 2266 subigunt,
1103 2177 1221 2262 butyro
1243 2198 1319 2242 vero
1334 2190 1382 2234 10⁶

194 2291 309 2366 gentes
337 2279 434 2346 etiam
458 2295 608 2369 pacatae,
641 2281 683 2346 ad
712 2283 820 2368 operis
847 2281 973 2366 pistorii
995 2302 1114 2367 genera
1135 2288 1320 2344 transeunte

193 2403 281 2447 cura.
303 2380 410 2448 Durat
432 2405 491 2449 sua
511 2381 634 2449 Piceno
655 2383 690 2448 in
710 2383 804 2470 panis
825 2382 1010 2448 inventione
1031 2376 1140 2469 gratia
1157 2403 1199 2446 cx
1220 2379 1321 2444 alicae

195 2481 347 2558 materia3
370 2504 445 2548 eum
466 2507 582 2552 novem
605 2484 720 2551 diebus
741 2496 937 2551 maceratum
959 2484 1094 2549 decumo
1115 2482 1157 2547 ad
1180 2481 1320 2568 speciem

195 2594 317 2649 tractae
344 2583 498 2674 subigtmt
527 2608 610 2651 uvae
637 2609 752 2673 passae
781 2608 875 2664 suco,
908 2599 1022 2673 postea
1048 2585 1082 2649 in
1115 2584 1219 2648 furnis
1247 2580 1319 2647 ollis
1396 2588 1399 2593 '

194 2683 344 2765 inditum,
367 2707 450 2770 quae
464 2698 655 2773 rumpantur
674 2687 737 2768 ibi,
759 2698 899 2767 torrent3
922 2709 1027 2772 neque
1049 2697 1153 2752 estex
1172 2708 1210 2753 eo
1228 2683 1320 2749 cibus

193 2785 256 2851 nisi
277 2786 472 2864 madefacto,
500 2787 587 2873 quod
607 2787 645 2853 lit
664 2790 745 2854 lacte
766 2810 916 2854 maxume
937 2788 1052 2853 mulso.

228 2988 375 3049 hordeacias,
388 3008 411 3041 a.
430 2991 582 3055 hordeaceus,
596 2996 611 3043 d
616 2990 667 3060 βγ.
677 3035 709 3044 ..
722 2993 781 3054 arci,
793 2987 889 3044 O'rdr.
901 2991 974 3052 dervi,
984 3009 1006 3044 a.
1024 2990 1130 3052 addae,
1139 2991 1213 3041 codd.
1223 2991 1280 3042 Gcl.
1289 2986 1320 3051 β.

196 3097 227 3106 -
237 3057 330 3120 farr'ua
340 3058 399 3122 ipre,
409 3053 483 3111 our.
493 3060 581 3123 sarim
590 3062 649 3125 ipre,
658 3064 682 3112 d.
693 3061 781 3124 sarim
791 3061 850 3126 ipse,
858 3077 881 3111 a.
899 3059 1051 3121 admr'rrtimc,
1060 3061 1094 3111 K.
1103 3059 1195 3123 farina
1206 3059 1236 3120 ei,
1244 3060 1319 3108 codd.

195 3123 253 3175 (iel.
264 3119 294 3184 β.
313 3165 345 3175 -
360 3125 562 3190 fermentabatur,
574 3130 678 3180 TKad
692 3128 896 3191 srumerrtabatam
912 3123 957 3179 Or.
977 3128 1233 3192 prassermmtabatar,
1246 3127 1319 3176 codd.

195 3186 295 3253 (isid.
314 3232 346 3243 ..
364 3192 457 3256 iustam,
469 3196 559 3247 Tadr.
579 3195 718 3260 iustumque,
727 3193 757 3259 β.

228 3280 315 3341 5104.
341 3284 544 3351 suffervefaciant,
556 3291 572 3339 d
585 3286 671 3350 (codd.
685 3286 756 3351 Gal.)
773 3287 1013 3352 rafferverefaciunt,
1025 3305 1048 3338 a.
1062 3328 1094 3338 ...
1112 3293 1276 3346 catastarum,
1291 3270 1320 3334 θ.

194 3355 306 3427 naturam
317 3358 359 3412 ert,
371 3355 416 3403 ad.
442 3362 531 3404 natura
542 3364 584 3418 cst,
600 3352 629 3417 β.
653 3397 685 3406 -
710 3355 852 3419 evalidiora,
872 3350 936 3407 dod
951 3355 1039 3419 (codd.
1051 3356 1131 3405 Turn.
1143 3357 1199 3405 adv.
1212 3359 1253 3411 28,
1266 3350 1321 3414 42.)

196 3422 220 3463 0²
229 3415 361 3496 palidim,
376 3414 428 3485 497.
454 3423 515 3474 Non
532 3423 644 3475 dubitavi
661 3425 814 3475 adiectirum
832 3425 916 3475 adhuc
933 3424 1093 3486 incognitum
1109 3423 1229 3485 recipcre,
1251 3420 1321 3483 quod

195 3483 263 3534 Plin.
275 3486 364 3537 catab
375 3488 433 3539 aliis
444 3491 543 3554 accepit
555 3499 600 3542 aut
610 3493 665 3556 ipse
675 3494 759 3553 tinxit,
770 3499 800 3543 ut
811 3493 855 3556 qui
865 3493 944 3541 verbo
956 3487 1104 3540 mamonae
1114 3496 1213 3552 praeter
1224 3496 1321 3536 ceteros

195 3558 290 3603 utatur.
309 3592 341 3603 -
359 3552 465 3619 alauda,
477 3560 523 3608 ad.
541 3557 645 3621 alatur,
656 3555 708 3625 βγ.

230 3645 316 3707 5105.
342 3645 505 3710 alrbrsab,d.
526 3648 677 3711 alrucuba.
698 3691 728 3700 -
750 3647 879 3713 appellari,
894 3640 966 3699 Ost.
984 3686 1015 3697 ..
1039 3644 1234 3704 atvostreari,a.
1256 3644 1321 3692 rivos

198 3710 281 3770 wari,
293 3713 318 3761 d·
339 3754 362 3762 -
382 3716 508 3779 speustici,
521 3719 595 3767 codd.
608 3717 666 3768 Gal.
688 3715 807 3780 remoue,
819 3717 864 3766 ad.
883 3754 915 3763 -
937 3712 1079 3777 qaoqumdi,
1090 3728 1113 3762 a.
1133 3752 1164 3761 -
1188 3709 1321 3774 artopticei,

197 3778 302 3829 Barbar.
315 3795 338 3829 a.
356 3781 486 3846 artopticii,
498 3780 569 3847 dssy.
588 3824 621 3833 -
643 3784 741 3843 invecto,
753 3783 790 3833 ad
802 3779 889 3844 (codd.
901 3778 974 3843 (iel.)
995 3780 1105 3839 invectus,
1121 3771 1172 3842 θγ.
1194 3820 1218 3827 -
1245 3794 1321 3842 aqua·

198 3844 278 3906 ficara,
289 3863 312 3897 a.
331 3888 363 3898 -
382 3865 399 3897 ιι
411 3856 478 3898 mnae
489 3856 653 3913 etsponqacsa
664 3849 788 3910 inanitate,
800 3865 823 3898 a.
841 3845 877 3897 ad
888 3847 1166 3912 tsaaeatetcponaioram
1175 3845 1321 3905 inanitatem,

200 3904 279 3963 O'rd.
298 3916 558 3980 tenacmetspmqiosa
568 3915 692 3978 inanitate,
703 3912 733 3979 β.

230 3996 317 4058 510⁶.
344 4017 375 4050 ea
386 4000 445 4063 orris,
461 3995 563 4053 orsu.
584 3996 715 4063 etcum
734 4041 766 4050 ..
790 3998 909 4062 batis-aa.
928 4041 959 4052 ..
979 4000 1108 4065 pistoria.
1128 4041 1159 4050 ..
1178 4001 1322 4062 cum,codd·

196 4063 253 4116 Gel.
280 4082 340 4127 cum,
356 4060 459 4120 Ouid.
480 4109 507 4118 ..
537 4077 690 4129 maceratum,
701 4070 739 4118 ita
750 4083 798 4119 nos
810 4069 963 4132 scripsimus.
986 4076 1114 4130 macerato,
1128 4061 1228 4118 duaa.
1246 4082 1322 4114 macc-

195 4139 259 4191 raat‚
272 4136 346 4185 codd.
360 4134 417 4187 Gal.
429 4131 482 4200 βγ.
496 4176 527 4186 ..
546 4142 637 4185 tractas
648 4135 766 4200 antiquat,
778 4137 850 4186 codd.
863 4136 920 4187 Gal.
939 4144 1018 4186 tracta
1028 4152 1053 4186 ss
1064 4137 1107 4187 abi
1118 4143 1180 4195 tuac,
1189 4150 1212 4184 a.
1232 4140 1323 4183 tractu

195 4199 349 4320 subgithac,
362 4203 415 4253 Td.
435 4204 643 4266 ammonitam,
658 4197 738 4254 θ.·..
757 4200 905 4266 inclitam.
925 4244 956 4254 -
979 4203 1095 4266 cleirac.
1114 4244 1145 4254 ..
1167 4200 1324 4250 morimeam

196 4280 236 4315 mu
257 4282 279 4329 ο,
317 4305 322 4317 .
