2896 4792
189 284 251 349 100
536 299 741 349 urrunnun
764 300 959 350 msroamn

230 453 281 516 28.
303 449 433 537 Myrtus
455 462 486 519 et
507 451 599 518 taleis
623 453 750 530 seritur,
772 476 881 518 morus
902 454 985 519 talea
1001 462 1134 533 tantum,
1156 454 1310 537 quoniam
1325 471 1373 517 trs

186 553 220 617 in
243 554 329 618 ulmo
351 575 421 618 eam
449 553 548 633 inseri
580 552 695 641 religio
721 554 884 642 fulgurum
911 553 1082 640 prohibet;
1113 567 1311 642 quapropter

186 652 226 718 de
250 654 405 719 talearum
428 664 501 718 satu
520 676 607 719 nunc
629 654 801 721 dicendum
821 664 880 720 est.
902 652 1106 720 Servandum
1126 655 1160 720 in
1182 679 1221 722 eo
1236 668 1311 722 ante

184 754 291 821 omnia
312 766 349 819 ut
371 757 471 843 taleae
493 778 534 820 ex
548 754 711 821 feracibus
724 755 805 820 fiant
819 755 998 834 arboribus,
1021 779 1063 821 ne
1078 779 1204 836 curvae,
1227 780 1310 825 neve

187 856 318 921 scabrae
347 867 403 921 aut
429 855 588 934 bifurcae,
621 878 703 921 neve
733 857 895 922 tenuiores
921 878 1019 940 quam
1048 867 1085 921 ut
1105 870 1236 922 manum
1257 858 1310 924 in-

184 956 309 1044 pleant,
343 981 383 1023 ne
410 958 550 1023 minores
577 956 762 1044 pedalibus,
796 967 832 1021 ut
858 957 990 1023 inlibato
1017 958 1135 1023 cortice
1157 968 1252 1042 atque
1274 969 1311 1025 ut
1338 996 1349 1005 ·

185 1069 312 1124 sectura
332 1058 465 1124 inferior
485 1067 627 1143 ponatur
649 1080 775 1144 semper
797 1069 829 1123 et
848 1058 936 1142 quod
957 1057 1080 1123 critob
1101 1057 1226 1138 radice,
1249 1059 1310 1123 ed-
1331 1109 1348 1119 .

185 1160 430 1243 cumuleturque
452 1157 645 1247 germinatio
667 1169 752 1223 terra
773 1158 875 1224 donec
896 1157 995 1223 robur
1016 1158 1126 1245 planta
1146 1159 1260 1246 capiat.
1366 1233 1379 1245 .

225 1258 358 1327 XVIII.
382 1260 433 1324 29.
457 1257 552 1342 Quae
574 1259 784 1325 custodienda
806 1259 840 1323 in
861 1260 1002 1324 olearum
1025 1281 1103 1324 cura
1119 1256 1201 1325 Cato
1222 1260 1309 1326 iudi·
1325 1276 1373 1322 las

184 1362 322 1441 caverit,
356 1361 461 1446 ipsius
489 1361 599 1427 verbis
620 1371 750 1447 optume
772 1360 1018 1446 praecipiemus.
1055 1361 1196 1439 „Taleae
1221 1362 1308 1427 olea-

183 1463 298 1552 gineae
331 1485 412 1547 quas
434 1463 469 1527 in
491 1463 603 1529 scrobe
626 1472 755 1528 saturus
783 1462 846 1527 en‘s
879 1461 1083 1549 tripedaneas
1108 1462 1206 1528 facito
1233 1462 1309 1528 dili-

184 1574 363 1652 genterque
386 1574 521 1629 tractato
543 1562 687 1631 neliber
706 1562 842 1642 laboret,
866 1585 938 1628 cum
957 1562 1081 1628 dolabis
1101 1573 1158 1627 aut
1172 1561 1309 1629 secabis.
1344 1620 1353 1638 χ

185 1662 278 1747 Quas
300 1665 334 1729 in
357 1664 527 1730 seminario
549 1675 676 1729 saturus
699 1663 779 1741 eris,
807 1663 938 1750 pedales
965 1663 1079 1741 facit03
1108 1684 1164 1729 eas
1191 1663 1237 1729 sic
1257 1663 1310 1729 in·

155 1838 161 1843 ,
185 1768 301 1833 serito:
323 1765 415 1831 locus
436 1765 558 1852 bipalio
581 1765 734 1830 subactus
757 1764 800 1829 sit
819 1763 967 1848 beneque
989 1764 1122 1852 gluttus.
1152 1760 1237 1829 Cum
1258 1774 1309 1829 ta-

183 1867 267 1932 leam
289 1866 449 1944 demittcs,
472 1866 555 1951 pede
577 1867 692 1932 taleam
713 1864 895 1952 opprimite.
929 1864 1102 1950 siparum
1125 1864 1310 1943 descendet,

184 1967 297 2033 malleo
311 1977 366 2032 aut
380 1966 517 2032 mateola
530 1966 652 2052 adigito
674 1977 850 2050 cavetoque
871 1981 912 2031 ne
933 1965 1051 2031 librum
1074 1964 1213 2043 scindas,
1235 1987 1310 2030 cum

185 2067 309 2156 adiges.
331 2065 412 2132 Palo
434 2066 525 2153 prius
539 2067 644 2133 locum
659 2089 701 2131 ne
718 2067 844 2144 feceris,
865 2087 929 2151 quo
945 2067 1061 2132 taleam
1075 2065 1242 2142 demittas,
1263 2065 1312 2130 ita
1325 2080 1373 2126 12⁶

185 2168 301 2234 melius
327 2169 425 2234 vivet.
462 2168 581 2233 Taleae
608 2165 664 2232 ubi
694 2168 806 2232 trimae
835 2177 925 2247 sunt,
960 2178 1028 2232 tum
1054 2167 1192 2249 denique
1214 2187 1311 2231 curae

187 2268 262 2345 sint,
284 2269 341 2334 ubi
360 2268 442 2334 liber
464 2291 499 2334 se
521 2277 632 2333 vertet.
657 2265 694 2332 Si
715 2267 750 2331 in
773 2267 941 2332 scrobibus
962 2277 1019 2332 aut
1039 2268 1073 2332 in
1095 2266 1195 2332 sulcis
1211 2288 1310 2344 seres,

187 2379 295 2434 ternas
317 2369 416 2435 taleas
437 2369 549 2455 ponito
572 2391 689 2452 easque
711 2368 895 2434 divaricato.
919 2367 1029 2454 Supra
1050 2379 1167 2432 terram
1180 2389 1222 2432 ne
1230 2366 1312 2452 plus

187 2481 338 2556 quattuor
369 2471 489 2558 digitos
524 2480 727 2536 transversos
762 2464 939 2534 emineentf
971 2467 1102 2534 Semine
1133 2467 1186 2533 vel
1217 2465 1310 2532 oculo

191 2570 298 2637 serito.
331 2570 517 2661 Diligenter
545 2571 686 2636 eximere
714 2571 818 2635 oleam
846 2579 974 2656 oportet
1002 2581 1034 2634 et
1059 2567 1185 2634 radices
1213 2588 1311 2649 quam

189 2672 356 2760 plurumas
378 2696 451 2739 oum
474 2684 559 2738 terra
580 2672 679 2749 ferre3
707 2671 764 2763 ubi
791 2671 916 2738 radices
937 2670 1018 2737 bene
1040 2669 1222 2758 operueris,
1244 2668 1311 2734 oal-

191 2795 264 2838 care
285 2772 379 2852 bene,
400 2796 440 2838 ne
463 2756 542 2858 quid
562 2772 708 2838 noceat.''

225 2984 311 3045 5124.
334 2997 353 3042 e,
366 2997 388 3033 a.
408 3022 439 3032 ..
457 2980 665 3041 inelm0,'1¹adr.
687 2997 763 3045 ramo,
774 2982 880 3033 Bethor.
891 2978 921 3044 β.
940 3020 971 3032 ..
994 2979 1073 3040 iusseri
1089 2972 1159 3029 θεὰ.
1180 2977 1235 3040 rerr’,
1246 2979 1311 3028 Bar-

192 3051 244 3099 tar.
261 3045 290 3110 β.
317 3064 388 3112 quum
404 3048 430 3096 in
445 3047 577 3110 dimetari,
593 3049 627 3099 K.
646 3090 677 3099 -
704 3066 746 3099 nec
757 3066 852 3111 curvae,
864 3052 888 3101 d.
907 3048 939 3099 L
961 3063 1025 3108 neve,
1042 3047 1181 3097 omitted.
1200 3086 1231 3095 ..
1253 3061 1311 3093 neoc

191 3115 299 3174 minores,
307 3116 397 3166 Dalec.
408 3157 439 3166 ..
450 3123 535 3177 terrae,
545 3118 569 3166 d.
587 3117 702 3181 Sumpsit
712 3119 777 3168 haec
785 3118 851 3168 Pliu.
864 3131 896 3166 ex
904 3117 1036 3180 Theophr.
1046 3116 1105 3165 hist.
1115 3115 1195 3178 plant
1204 3113 1240 3161 11.
1252 3119 1275 3175 o,
1286 3119 1310 3163 5.

226 3185 315 3246 §¹25-
345 3199 414 3245 curo,
435 3176 533 3236 orco.
564 3183 668 3245 cultura,
685 3180 714 3246 β.
737 3226 769 3234 ..
798 3181 857 3235 Octo
878 3188 1029 3234 deremet
1045 3186 1086 3232 45.
1111 3221 1141 3230 -
1168 3179 1311 3244 oleaqimm,

197 3242 326 3300 OTKad.
348 3250 478 3316 oleapiuar,
489 3247 519 3313 β.
537 3293 569 3301 ..
591 3251 754 3306 saturareris.
766 3268 789 3302 a.
808 3292 839 3301 ..
863 3249 970 3312 decidito,
982 3252 1048 3300 Pinr.
1063 3263 1096 3298 ex
1108 3248 1164 3299 Cat.
1183 3289 1214 3297 ..
1233 3245 1314 3296 saturi

191 3317 259 3378 serm,
272 3334 295 3367 a
308 3359 339 3368 ..
358 3316 483 3382 bipedalis,
494 3335 517 3369 a
533 3359 564 3368 -
581 3317 677 3383 pluitur,
693 3311 779 3369 orm.
795 3326 883 3383 petius,
895 3322 931 3368 a'.
948 3316 1036 3382 pluteo,
1047 3312 1099 3380 βγ.
1116 3317 1150 3366 V.
1163 3315 1310 3366 Schneider.

192 3387 225 3435 sd
239 3385 295 3436 Cat.
307 3387 325 3435 l.
337 3385 354 3434 l.
366 3402 390 3450 p.
405 3392 462 3437 114.
481 3427 512 3436 -
535 3384 648 3447 domities
664 3377 692 3436 θ.
715 3385 825 3448 dimittes,
837 3401 860 3435 a.
883 3383 990 3445 diminui,
1003 3387 1027 3434 d.
1050 3382 1159 3443 demittis,
1171 3378 1201 3443 β.
1218 3423 1250 3432 ..
1269 3380 1311 3429 ds-

192 3450 293 3514 scendet,
309 3446 331 3500 θ
346 3450 384 3515 (et
396 3451 484 3515 Cato).
507 3451 640 3513 descendat,
656 3449 748 3517 adssy.
768 3494 799 3503 -
821 3451 940 3510 marteris,
953 3469 976 3502 a.
999 3449 1108 3510 mateola,
1120 3453 1144 3500 d.
1162 3491 1194 3499 ..
1212 3447 1311 3513 adicito.

194 3521 210 3568 d
222 3517 308 3582 (codd.
320 3521 447 3581 Barbari).
466 3518 612 3582 adicitqar.
626 3561 658 3570 ..
675 3518 763 3581 odiosa
775 3537 798 3570 s.
816 3518 900 3580 adicis,
913 3523 954 3571 dr.
971 3517 1059 3583 adipis,
1072 3519 1146 3568 codd.
1155 3517 1269 3577 Barbari,
1280 3511 1311 3577 β.

193 3587 311 3639 Ceterum
323 3589 400 3637 verba
411 3604 461 3636 cerm
473 3585 554 3652 adipis
564 3589 631 3638 male
643 3590 675 3637 ad
686 3603 755 3651 seqq.
767 3586 844 3637 refert
854 3582 883 3648 β.

227 3657 242 3719 5
256 3660 312 3706 126.
330 3671 366 3715 oe,
378 3657 452 3711 Tad.
466 3656 523 3706 Om.
532 3656 636 3705 Barbar.
647 3649 680 3716 stt
699 3663 725 3704 at
733 3671 756 3704 v.
765 3655 909 3704 Pontedera
919 3653 1045 3715 antiquitt
1057 3666 1082 3714 p.
1093 3656 1133 3701 to.
1150 3650 1178 3711 ri,
1190 3651 1268 3700 Hard.
1279 3691 1311 3700 ..
1344 3697 1350 3706 ,

194 3719 311 3782 demittas,
324 3721 398 3772 Cato.
416 3721 532 3783 domitori,
549 3714 635 3772 Badr.
654 3761 686 3771 ..
705 3721 772 3771 vivet.
794 3719 890 3781 Taleae,
903 3721 920 3770 d
932 3717 1032 3781 (Cato).
1049 3717 1112 3765 rivet
1122 3715 1194 3766 tolca.
1205 3715 1248 3778 Et,
1261 3713 1311 3779 ast.

192 3791 256 3840 Post
268 3805 290 3839 v.
303 3789 365 3838 vivet
375 3791 501 3839 nonnulla
512 3791 636 3840 excidisse
646 3789 763 3839 ridentur
772 3789 931 3838 Pontederae
943 3786 1070 3848 antiquitt.
1081 3798 1107 3846 p.
1118 3785 1157 3833 st.
1168 3825 1200 3833 ..
1219 3784 1312 3846 trimus,

197 3850 296 3907 Osco.
316 3856 400 3912 triaue,
412 3852 441 3917 β.
461 3897 492 3906 ..
510 3864 625 3917 maturae,
638 3856 711 3907 Octo.
730 3895 762 3904 ..
784 3855 839 3916 sint,
852 3855 876 3903 d.
899 3859 960 3908 suut,
972 3868 995 3901 a.
1013 3853 1046 3900 V.
1059 3851 1206 3902 Schneider.
1218 3854 1251 3902 ad
1263 3851 1312 3902 Ca·

193 3931 248 3974 ton.
260 3925 278 3973 l.
290 3924 307 3973 l.
319 3940 345 3988 p.
358 3928 415 3974 115.
434 3966 465 3974 -
487 3940 512 3972 ae
523 3931 605 3985 votet,
616 3939 638 3973 a
661 3920 754 3982 severit,
767 3923 791 3970 d.
812 3960 837 3969 ..
859 3934 930 3979 seror,
943 3914 993 3968 dd.
1015 3933 1089 3978 aerea
1102 3913 1150 3978 ast.
1169 3959 1200 3967 .-
1219 3935 1311 3982 curque,

197 3983 295 4043 Orac.
320 3990 383 4052 Eae,
400 3993 503 4042 Barbas.
515 3987 545 4052 β.
564 4031 595 4040 ..
617 3989 640 4040 S
684 3995 812 4049 uterram3
833 3987 899 4036 haec
914 4000 955 4034 vr.
970 3985 1038 4035 rint.
1054 3999 1088 4034 ex
1104 3985 1203 4036 catone
1218 4001 1311 4035 novam

193 4060 327 4121 periodum
339 4060 449 4122 incipere
460 4059 542 4118 iubct;
560 4059 587 4107 in
598 4058 636 4106 ad
665 4054 873 4120 radmperiora
882 4051 1030 4102 referuntur.
1049 4093 1080 4102 -
1100 4051 1311 4102 transvmmemi.

194 4133 273 4173 ncant.
292 4124 387 4180 Semina
398 4125 442 4184 rel,
454 4125 573 4178 Schneid.
585 4124 603 4173 l.
612 4125 629 4173 l.
641 4138 666 4186 p.
677 4126 734 4170 llo.
753 4127 859 4169 boroso
869 4118 955 4168 semine
966 4127 1010 4168 aut
1021 4119 1064 4178 uel,
1076 4121 1149 4171 Tad.
1168 4128 1313 4168 marmoreos

195 4191 313 4255 miscunt
322 4191 366 4253 vel,
379 4194 453 4242 codd.
464 4192 579 4251 Barbari,
590 4186 619 4252 β.
638 4197 783 4237 consumor
793 4187 916 4249 emineant,
926 4203 1019 4252 pemmo
1029 4186 1074 4249 vel,
1085 4188 1153 4237 Pint.
1165 4200 1190 4250 γ.
1203 4226 1235 4236 ..
1246 4185 1312 4235 oculo

194 4256 273 4320 serito,
283 4260 320 4310 ita
328 4273 376 4310 nos
385 4261 538 4324 scripsimus.
550 4255 629 4306 oculor
635 4254 714 4317 wito,
722 4250 793 4316 edd.
810 4253 1009 4317 omlissen'taK.
1025 4253 1092 4305 oculo
1098 4255 1276 4314 mrawfflint
1285 4267 1311 4318 r.
