2896 4792
177 304 197 371 8
528 321 732 372 usrumnrs
753 324 960 373 ursroama·

175 471 311 538 hilarem
331 472 418 552 fucit,
441 496 568 540 carnem
591 474 757 540 cocibilem
779 498 817 540 ac
830 475 932 541 levem
947 485 980 541 et
993 475 1103 542 utilem
1120 479 1293 557 stomacho,
1367 484 1371 491 ’

175 574 276 663 iligna
309 597 399 641 suem
431 585 619 665 angustam,
657 576 807 655 nitidam,
846 578 1035 664 strigosum,
1071 578 1293 664 ponderosam,

175 686 299 760 querna
328 676 460 755 diffusa,
489 676 681 763 gravissima
703 678 828 764 etipsa
855 678 1020 765 glandium
1048 688 1144 763 atque
1174 680 1294 746 dulcis-

177 776 268 842 sima.
301 777 498 843 Proxumam
526 777 602 842 huic
622 799 763 842 cerream
787 778 885 842 tradit
905 778 1068 864 Nigidius,
1091 802 1150 846 nec
1171 803 1212 845 ex
1233 781 1295 845 alia

177 877 359 944 solidiorem
388 901 515 944 carnem
552 879 609 944 sed
636 880 765 956 duram3
798 879 898 967 iligna
926 881 1072 966 temptari
1108 903 1199 959 sues,
1231 880 1295 946 nisi

138 1016 140 1021 ·
175 979 330 1064 paulatim
351 979 445 1044 detur
451 1003 460 1056 ;
486 979 570 1045 hanc
590 980 796 1061 novissimam
817 981 949 1058 eadere3
977 981 1147 1068 fungosam
1168 1002 1295 1046 earnem

176 1079 246 1146 fieri
268 1080 406 1157 aesculo,
428 1080 553 1158 robore,
577 1080 700 1145 subere.

220 1182 250 1245 9.
281 1178 375 1261 Quae
396 1179 548 1268 glandem
561 1181 677 1257 ferunt,
692 1202 802 1245 omnes
817 1192 850 1244 et
863 1181 981 1268 gallam
995 1182 1188 1267 alternisque
1203 1183 1295 1248 annis
1308 1199 1341 1245 cs

110 1349 115 1362 ,
176 1282 337 1367 glandem,
360 1282 418 1346 sed
438 1281 556 1369 gallam
577 1281 715 1346 hemeris
737 1292 902 1374 optumrgn
923 1292 955 1346 et
976 1283 1070 1347 coriis
1091 1283 1295 1368 perficiendis
1351 1330 1354 1336 ·

177 1381 393 1466 aptissimam
427 1383 562 1447 similem
587 1380 663 1446 huic
691 1381 837 1461 latifolia,
869 1383 926 1447 sed
951 1384 1104 1449 leviorem
1130 1386 1295 1468 multoque

157 1483 283 1548 ‘urium
305 1483 483 1568 probatam.
505 1483 585 1547 Fert
606 1491 639 1546 et
659 1483 798 1568 nigram,
813 1539 853 1547 -
877 1484 942 1551 duo
964 1485 1048 1548 enim
1070 1505 1190 1569 genera
1205 1494 1294 1562 sunt3

176 1639 218 1647 Α..
229 1584 309 1650 haec
321 1583 507 1670 tinguendis
521 1582 603 1648 lauis
617 1584 735 1650 utilior.
758 1582 837 1649 VH.
851 1583 1005 1649 Nascitur
1015 1594 1121 1649 autem
1133 1584 1218 1670 galla
1230 1586 1295 1651 sole
1309 1600 1341 1647 ar

178 1685 219 1750 de
241 1685 377 1770 geminis
402 1696 550 1762 exeunte,
573 1705 745 1769 erumpens
765 1694 863 1751 noctu
885 1706 1011 1768 semper
1031 1684 1182 1750 universa
1189 1709 1198 1762 3
1227 1708 1296 1750 ere-

178 1786 239 1852 scit
260 1808 323 1850 uno
345 1784 397 1849 die
419 1784 596 1863 candidior,
619 1795 652 1850 et
674 1785 702 1850 si
723 1796 815 1850 aestu
836 1797 973 1870 excepta
994 1796 1054 1865 est,
1082 1786 1200 1851 arescit
1220 1809 1296 1872 pro-

178 1879 264 1951 tinus
291 1908 395 1971 neque
422 1886 464 1950 ad
488 1886 608 1952 iustum
635 1887 868 1952 incrementum
894 1887 1051 1971 pervenit,
1080 1886 1143 1952 hoc
1170 1898 1236 1966 est,
1263 1897 1299 1951 ut

178 1986 327 2054 nucleum
349 1987 444 2052 labae
465 1987 686 2074 magnitudine
708 1988 833 2053 habeat.
855 1987 959 2076 Nigra
980 1988 1101 2053 diutius
1123 1988 1206 2054 viret
1227 2011 1297 2054 cre-

181 2089 315 2173 scitque,
344 2098 381 2153 ut
407 2088 568 2153 interdum
595 2088 671 2153 mali
693 2090 841 2176 conpleat
862 2089 1132 2176 magnitudinem
1166 2100 1297 2174 optuma

180 2190 412 2276 Commagena,
444 2189 615 2256 deterrima
637 2213 678 2255 ex
699 2189 830 2267 robere3
865 2191 993 2279 signum
1020 2190 1100 2268 eius,
1128 2190 1215 2275 quod
1242 2213 1297 2257 ea-

179 2314 296 2358 vernae
318 2293 524 2358 translucent.

223 2394 274 2457 10.
306 2392 420 2459 Robur
440 2403 570 2477 praeter
589 2393 730 2465 fructum
750 2394 900 2478 pluruma
922 2402 953 2457 et
975 2391 1036 2456 alia
1057 2391 1180 2478 gignit3
1205 2413 1297 2456 nam·
1311 2406 1344 2451 cs

178 2514 244 2578 que
264 2493 329 2557 lert
350 2503 382 2560 et
402 2495 506 2582 gallae
528 2507 699 2579 utrumque
720 2516 824 2580 genus
846 2504 879 2558 et
898 2515 981 2577 quae
1002 2493 1066 2558 iam
1088 2493 1186 2558 veluti
1201 2515 1298 2569 mora,

179 2595 214 2659 ni
236 2594 392 2660 distarent
413 2595 504 2660 arida
525 2595 656 2674 duritie,
684 2595 872 2682 plerumque
902 2593 985 2659 tauri
1013 2605 1110 2679 caput
1131 2592 1299 2671 imitantia,

180 2696 297 2782 quibus
318 2697 442 2762 fructus
463 2698 547 2763 inest
567 2697 691 2763 nucleis
714 2697 816 2762 olivae
840 2696 962 2762 similis.
994 2695 1179 2761 Nascuntur
1204 2694 1237 2758 in
1260 2715 1299 2758 eo

180 2807 212 2862 et
234 2797 351 2884 pilulae
373 2798 510 2863 nucibus
530 2820 597 2863 nen
617 2798 790 2876 absimiles,
813 2798 901 2862 intus
915 2795 1071 2860 habentes
1084 2795 1202 2859 flocces
1216 2793 1297 2857 mol-

81 2912 83 2917 ·
178 2896 220 2961 lis
246 2896 449 2961 lucernarum
471 2897 646 2963 luminibus
667 2909 784 2982 aptos3x
809 2918 885 2960 nam
912 2905 944 2960 et
965 2894 1034 2959 siue
1061 2894 1132 2959 oleo
1161 2894 1300 2982 flagrant

181 2997 275 3062 sicuti
302 2997 389 3083 galla
414 2997 518 3086 nigra.
556 2997 637 3063 Fert
659 3009 692 3064 et
713 2997 807 3062 aliam
828 2995 974 3061 inutilem
995 2994 1127 3081 pilulam
1148 3017 1222 3060 cum
1243 3017 1297 3061 ca·

214 3204 281 3266 525.
300 3200 424 3264 secabilem,
436 3220 459 3254 a.
477 3202 650 3267 aquiescas
680 3217 706 3269 γ.
729 3201 865 3264 restibilem
877 3219 897 3252 r.
915 3242 947 3252 ...
971 3200 1070 3266 dfflsa,
1083 3203 1135 3252 Ta.
1158 3202 1230 3252 Idem
1242 3217 1300 3251 curn

179 3284 267 3320 rasura
277 3279 337 3334 post
349 3286 366 3318 a
376 3271 453 3322 habet
465 3275 488 3322 d.
506 3268 629 3335 diffisum,
663 3308 670 3320 .
683 3312 714 3320 -
731 3269 883 3336 ymeusima
892 3271 946 3320 Td.
964 3287 994 3319 oc
1003 3268 1156 3334 pecusius,
1169 3287 1191 3320 a.
1210 3277 1234 3318 ct
1242 3285 1300 3334 yru-

180 3336 285 3397 nisime,
297 3334 326 3399 β.
344 3379 376 3387 -
395 3347 473 3400 aque,
486 3341 502 3388 d
515 3337 602 3400 (codd.
615 3340 723 3391 Salmas.
736 3354 817 3388 exerc.
829 3355 855 3402 p.
868 3344 926 3388 236.
937 3339 962 3388 b.
974 3335 1022 3400 A.)
1040 3353 1122 3401 eaque,
1134 3332 1183 3400 αβ.
1202 3345 1225 3386 ct
1235 3336 1300 3400 ipsa·

180 3420 232 3454 rum
247 3403 370 3468 ydrndium
387 3422 448 3469 quea
460 3414 495 3456 eat
506 3405 649 3468 dulcissima,
666 3407 754 3457 Dal'ec.
777 3406 821 3456 Uti
836 3407 901 3456 haec
912 3407 1058 3456 coniectura
1073 3406 1147 3465 nihili
1159 3413 1205 3465 est,
1217 3406 1252 3454 ita
1263 3412 1301 3453 est

180 3481 277 3522 certum
289 3473 371 3536 ipsum
381 3475 476 3531 locum,
489 3475 527 3524 uti
536 3477 586 3524 iam
595 3476 696 3538 legitur,
708 3489 829 3538 perquam
839 3490 893 3525 esse
902 3481 1054 3537 corruptum,
1067 3476 1135 3536 quod
1148 3482 1173 3523 et
1185 3473 1301 3521 codicum

179 3540 302 3598 lectiones
315 3550 340 3591 et
352 3543 428 3591 verbe
439 3550 462 3589 at
472 3542 526 3605 ipsa
538 3546 637 3603 docent,
650 3558 716 3606 quae
727 3557 780 3592 uon
792 3543 887 3592 habeut
896 3555 946 3605 quo
959 3541 1105 3591 referantur.
1123 3567 1145 3573 -
1160 3537 1300 3598 solidiorem,

184 3601 270 3661 fictir,
288 3605 490 3670 sordidiorem.

214 3678 282 3740 526.
298 3675 458 3739 perspiciendis,
470 3694 492 3726 a.
512 3718 544 3726 -
563 3675 678 3736 leviorem,
689 3673 826 3742 λειοτέρα,
840 3677 971 3739 Theophr.
983 3676 1001 3726 l.
1013 3675 1031 3723 l.
1044 3674 1093 3725 IIL
1107 3679 1130 3733 8,
1144 3679 1166 3724 6.
1180 3712 1212 3720 -
1231 3669 1300 3731 mnu,

180 3743 325 3862 lsoprglfieda
337 3759 396 3811 epp.
409 3760 434 3807 p.
448 3751 504 3795 181.
517 3753 542 3795 et
550 3746 617 3795 Pint.
630 3745 826 3797 ueneramus
839 3744 928 3795 Omitt.
939 3737 1074 3807 D'adssr.
1092 3743 1129 3793 Ar
1137 3756 1160 3790 v.
1170 3739 1300 3804 Theophr.

215 3880 229 3942 ξ
242 3881 283 3928 27.
301 3877 418 3928 Nascitur
430 3880 484 3939 rel,
496 3894 519 3928 v.
532 3879 663 3942 Theophr.
675 3879 693 3928 l.
705 3879 722 3928 l.
735 3878 783 3927 111.
799 3883 823 3938 5,
837 3883 859 3926 l.
872 3883 895 3926 2.
910 3916 941 3924 -
959 3873 1128 3939 magnitudine,
1141 3876 1165 3924 d.
1183 3874 1300 3937 moenitu-

116 3958 119 3965 “
181 3942 266 4003 dinem,
279 3962 301 3994 a
320 3943 362 3994 ltec
377 3954 411 3993 est
419 3962 461 3994 cur
469 3944 595 3994 nonnullae
598 3947 657 4009 seb.
667 3942 851 4009 magnitudinem
862 3942 973 4004 debedat,
985 3944 1051 3992 Pint.
1064 3982 1096 3990 -
1117 3939 1259 4006 manaem,
1270 3937 1300 4004 β.

183 4052 214 4060 ..
233 4027 343 4071 saumae,
356 4015 401 4062 ad.

216 4080 231 4142 ς
244 4084 284 4128 28.
307 4079 418 4141 Quereris,
429 4081 518 4131 Dalse.
537 4079 571 4128 V.
583 4079 715 4141 Theophr.
728 4079 745 4127 l.
758 4079 775 4127 1.
788 4077 838 4129 111.
853 4080 875 4138 7,
888 4083 912 4127 4.
925 4083 948 4127 5.
967 4117 999 4126 ..
1017 4092 1078 4139 quae
1091 4075 1147 4139 iem,
1159 4079 1204 4128 ad.
1228 4093 1300 4141 quac·

183 4143 246 4206 dem,
258 4140 309 4210 βγ.
332 4188 362 4196 -
387 4145 488 4207 nucleus,
501 4163 524 4196 a.
547 4186 579 4194 -
603 4143 699 4206 asebia
711 4145 779 4195 Pint.
792 4153 818 4195 et
828 4144 948 4195 Schneid.
960 4146 994 4195 ad
1005 4146 1137 4210 Theophr.
1150 4146 1208 4195 hist.
1220 4146 1300 4208 plant.

68 4245 75 4262 .
183 4211 232 4262 ΠΙ.
243 4215 266 4273 7,
278 4219 302 4262 4.
321 4254 353 4262 -
375 4212 445 4275 ianm,
457 4229 513 4265 eum
527 4212 608 4263 ubam.
622 4212 754 4276 coniungit
765 4211 912 4265 Schneider.
931 4252 962 4262 ..
982 4210 1050 4277 pelo,
1062 4216 1086 4265 d.
1109 4254 1139 4264 ..
1168 4209 1301 4274 meiliqim's,

183 4281 227 4334 sd.
246 4277 370 4345 melliqeni,
380 4275 431 4346 βγ.
449 4279 573 4343 mellci,K.
