2896 4792
420 258 491 303 ma.
508 257 583 303 xm.
612 255 689 303 car.
707 255 782 303 vm.
814 252 912 302 sacr.
928 255 957 298 ss.
972 255 1004 299 so.
1209 237 1270 300 871

154 411 266 478 sativis
288 408 461 474 admodum
482 407 617 493 probata
638 429 719 491 quae
743 403 858 471 Cilicia
880 416 1024 482 vocatur,
1046 404 1120 470 solio
1145 402 1272 490 Cappa·

153 513 274 588 dociae,
297 511 331 576 ni
352 509 497 594 crispum
517 509 677 591 latiusque
700 517 792 572 esset.

193 613 246 678 39.
273 611 387 694 Neque
408 633 449 675 ex
471 609 583 675 eodem
606 631 724 695 genere
745 618 882 694 possunt
915 607 977 672 dici
1010 629 1114 691 neque
1143 629 1184 672 ex
1210 607 1273 673 alio
1289 623 1336 667 rae
1431 687 1439 697 .

153 711 268 791 intubi,
291 711 441 776 hiemisii
463 710 669 796 patientiores
686 710 837 793 virusque
851 709 1079 794 praeferentes,
1104 709 1160 774 sed
1182 709 1273 776 caule

154 837 218 879 non
239 812 345 877 minus
366 811 467 900 grati3
491 821 640 877 semmtur
661 833 759 876 verno
781 811 910 896 plantae
930 832 1050 887 eorum,
1071 809 1183 876 ultimo
1198 832 1274 876 vere

155 914 399 980 transferuntur.
435 912 496 977 Est
525 923 557 978 et
584 911 754 978 erraticum
778 911 927 976 intubum
955 911 1043 995 quod
1063 911 1097 975 in
1119 911 1275 999 Aegypto

72 1051 74 1055 Α
154 1015 328 1080 cichorium
349 1025 475 1091 vocant,
498 1013 538 1079 de
561 1035 624 1098 quo
645 1012 739 1099 plura
756 1012 842 1078 alias.
865 1011 1037 1078 Inventum
1058 1013 1161 1078 omnis
1184 1014 1273 1097 thyr-

154 1138 206 1180 sos
228 1116 279 1181 vel
300 1116 375 1181 folia
396 1116 594 1181 lactucarum
614 1135 789 1201 prorogare
815 1113 920 1178 urceis
942 1110 1087 1179 conditos
1109 1123 1141 1178 et
1162 1134 1273 1179 receu-

155 1216 196 1280 tis
217 1216 251 1280 in
272 1217 392 1302 patinis
415 1236 561 1299 coquere.
594 1211 753 1280 Seruatur
773 1214 916 1279 lactucae
939 1236 1021 1278 anno
1044 1225 1110 1279 toto
1132 1213 1222 1279 laetis
1243 1224 1276 1280 et
1291 1229 1339 1275 rso

49 1323 51 1332 ⁴
154 1317 257 1405 riguis
279 1316 538 1399 stercoratisque,
560 1314 645 1380 binis
666 1314 830 1380 mensibus
851 1315 933 1378 inter
948 1337 1056 1380 semen
1069 1314 1276 1401 plantamque

155 1432 188 1484 et
209 1418 434 1484 maturitatem.
470 1416 670 1505 Legitimum
699 1425 804 1480 tamen
833 1437 853 1479 a
880 1415 994 1481 bruma
1022 1437 1133 1481 semen
1161 1415 1275 1496 iacere,

155 1520 297 1605 plantam
318 1518 446 1583 favonio
468 1516 641 1582 transferre
667 1526 723 1581 aut
751 1537 860 1582 semen
882 1516 1026 1593 favonia,
1053 1517 1193 1602 plantam
1221 1538 1276 1582 ae·

154 1620 316 1703 quinootio
349 1642 457 1686 verno.
493 1618 598 1684 Albae
625 1639 773 1683 maxume
802 1616 940 1682 hiemem
970 1616 1114 1681 tolerant.
1153 1615 1276 1683 Umore

156 1722 263 1785 omnia
287 1720 453 1787 hortensia
478 1719 635 1808 gaudent,
665 1729 698 1784 et
724 1729 862 1784 stercore
883 1717 1058 1803 praecipue
1079 1718 1223 1783 lactucae
1243 1728 1278 1783 et

156 1822 260 1908 magis
280 1821 395 1886 intubi.
432 1817 506 1885 Seri
527 1820 622 1885 etiam
643 1819 769 1885 radices
791 1817 898 1884 inlitas
923 1818 999 1883 fimo
1019 1818 1152 1884 interest
1173 1829 1205 1884 et
1224 1840 1277 1884 re·
1293 1835 1339 1880 rar

156 1923 240 2007 pleri
261 1921 450 2005 ablaqueata
471 1920 578 1986 humo.
616 1917 758 2002 Quidam
785 1930 817 1984 et
838 1920 930 1985 aliter
951 1919 1196 2006 amplitudinem
1217 1943 1276 1987 au-

157 2033 246 2108 gent,
278 2022 389 2088 recisis
411 2044 483 2087 cum
505 2022 548 2086 ad
570 2021 766 2108 semipedem
788 2032 998 2087 excreverunt
1018 2021 1157 2106 fimoque
1186 2021 1277 2088 suillo

157 2177 237 2227 dolore
253 2178 376 2229 arthritico
392 2177 513 2228 laboraret
529 2185 551 2227 et
567 2177 602 2227 ad
611 2195 725 2227 summam
737 2177 834 2227 maciem
844 2175 972 2241 perductus
983 2185 1050 2240 esset,
1067 2186 1164 2226 curante
1175 2175 1278 2228 Aemilio

158 2244 258 2308 medico,
280 2247 386 2308 quicum
403 2246 462 2295 adeo
478 2244 564 2295 calidis
578 2247 690 2308 curabat,
708 2254 734 2295 ut
750 2248 831 2295 tectum
849 2243 950 2294 cubiculi
964 2243 1015 2294 eius
1031 2244 1154 2294 velleribus
1170 2244 1278 2308 muniret,

158 2312 196 2361 bic
205 2321 296 2376 postea,
309 2314 333 2362 iu
344 2314 488 2363 contrarium
501 2313 574 2361 verses
586 2314 698 2376 erunibus,
711 2330 757 2363 aaa
767 2311 840 2362 solum
851 2312 1024 2376 perfusionibus
1027 2310 1138 2376 friqidis,
1155 2311 1278 2363 sedetiam

157 2379 315 2443 purpurismis
330 2379 466 2430 Oieemiuae
483 2396 573 2443 aquae,
597 2396 658 2443 quae
674 2388 709 2429 est
722 2378 819 2429 Atellae
835 2379 860 2427 in
878 2378 945 2428 ἆοηιο
965 2378 1087 2440 Comama
1109 2387 1133 2428 et
1145 2380 1279 2442 potionibus

159 2463 214 2495 usus
226 2455 267 2508 est,
285 2447 320 2495 ita
336 2455 362 2495 ut
377 2447 441 2495 iutra
454 2447 521 2495 breue
533 2455 621 2510 tempus
632 2463 682 2495 eum
694 2455 796 2507 curaret,
814 2445 843 2494 ob
855 2463 926 2508 quam
938 2462 1034 2494 causam
1046 2448 1077 2495 ab
1088 2445 1196 2511 Auqusto
1208 2462 1279 2511 usque

159 2511 194 2561 ad
208 2514 339 2563 sestertium
357 2512 550 2578 quadrioqertties
569 2529 599 2562 ea
614 2512 815 2562 senatusconsulto
830 2513 947 2576 accepit.''
972 2513 1063 2576 prioris
1081 2511 1181 2562 Camelii
1196 2513 1279 2629 a&

159 2580 251 2630 minime
264 2587 414 2642 munecaret,
429 2596 471 2631 ac.
494 2579 585 2644 prioris
599 2578 690 2629 Cameli
703 2578 786 2644 reliqio
801 2578 895 2628 minime
910 2588 1058 2641 omuecaret,
1071 2581 1101 2630 T.
1125 2580 1218 2644 priores
1276 2594 1279 2599 ·

65 2654 67 2659 ’
159 2647 214 2698 meli
224 2646 307 2713 reliqio
318 2647 412 2697 minime
423 2664 489 2697 omae
500 2655 573 2709 caret,
585 2648 610 2698 d.
624 2646 719 2715 priores
730 2645 822 2696 Oamdi
830 2645 968 2712 redipiouum
980 2662 1015 2695 me
1026 2662 1092 2694 omae
1103 2655 1175 2707 caret,
1184 2648 1279 2712 Rigalt.

159 2732 199 2780 ap.
213 2715 320 2767 Salmas.
332 2731 416 2766 exerc.
428 2732 452 2780 p.
463 2719 521 2767 897.
532 2716 558 2766 1).
568 2716 599 2765 Ε.
613 2713 709 2779 priores
723 2711 813 2763 Cameli
823 2712 868 2763 rel'
883 2713 905 2762 io
917 2713 1004 2762 nimiae
1016 2729 1081 2762 omne
1092 2722 1165 2775 earet,
1177 2717 1279 2766 Thaaa.

159 2787 226 2847 apud
243 2785 360 2834 eundem.
387 2782 478 2833 cameli.
496 2731 889 2847 Reliqiooimiaeomoicaretd
912 2782 1007 2845 prrbres
1018 2780 1103 2830 cameli
1113 2779 1225 2846 reliqiooc
1235 2781 1279 2831 mi·

160 2850 220 2899 uiue
231 2849 307 2899 omine
318 2859 390 2911 caret,
406 2854 479 2901 codd.
491 2851 605 2900 Barbari.
625 2849 719 2914 priores
733 2848 818 2899 cameli
832 2848 968 2913 reliqiouum
980 2847 1018 2897 die
1029 2848 1094 2898 omni
1103 2848 1280 2910 manducarent,
1332 2879 1336 2887 ·

159 2921 232 2969 codd.
246 2920 324 2970 Turn.
341 2920 397 2968 adv.
412 2925 452 2980 lo,
465 2925 505 2969 20.
528 2917 624 2982 priores
641 2924 756 2980 caverent,
774 2915 885 2980 reb'qicae
901 2933 961 2966 nuuc
976 2916 1041 2965 omui
1054 2911 1166 2977 caretd.
1189 2916 1281 2980 priores

162 2984 262 3035 Camelii
273 2984 357 3050 reliqio
368 2986 443 3034 nimia
454 3001 506 3034 eam
517 2992 622 3049 reparet,
634 2999 659 3049 r.
679 3025 711 3034 ..
734 2983 803 3045 alios,
815 2985 911 3049 Appul.
930 3025 963 3034 ..
984 2982 1087 3049 oxymeli
1097 2991 1152 3041 tum,
1165 2984 1280 3045 Salmas,

160 3055 204 3116 qui
225 3062 310 3104 tamen
329 3062 459 3118 praeterea
481 3069 522 3102 eas
544 3069 573 3101 ea
594 3050 697 3116 oxymeli
718 3053 877 3102 scribendum
898 3059 980 3116 putet
1011 3050 1172 3116 oxymelitum
1196 3044 1280 3103 daed

159 3119 273 3181 (Thuan.
286 3136 326 3185 ap.
340 3119 461 3183 Salmas.)
478 3119 609 3184 oxymelite,
620 3115 670 3184 βγ.
692 3120 867 3170 Aisoumas
879 3118 981 3184 caprasii
990 3121 1112 3183 reperitur
1124 3120 1202 3169 etiam
1211 3122 1280 3184 apud

159 3188 250 3239 caton.
262 3189 294 3238 de
305 3203 333 3238 re
344 3197 405 3238 rust
421 3192 477 3250 15⁷,
490 3195 514 3238 8.
537 3203 566 3236 ea
577 3185 685 3251 oxymeli,
702 3195 727 3237 et
738 3188 805 3236 hanc
816 3187 926 3238 formam
936 3188 963 3238 h.
975 3188 992 3237 l.
1004 3186 1090 3237 Plinio
1103 3187 1156 3236 sine
1167 3188 1222 3237 ulls
1233 3189 1280 3238 da-

157 3256 280 3306 bitatione
295 3256 477 3306 restituendam
495 3269 550 3304 esse
566 3254 703 3304 clarissime
720 3257 796 3306 docet
812 3255 922 3318 Appnl.,
939 3256 1008 3318 apud
1026 3269 1101 3319 quem
1119 3256 1280 3319 transpositis

157 3324 238 3372 verbis
255 3329 331 3371 crtum
348 3319 377 3384 (i.
391 3337 412 3372 e.
429 3338 459 3370 ac
470 3319 530 3383 tum)
546 3328 663 3384 repertum
679 3329 715 3370 est
730 3321 801 3370 etiam
818 3322 842 3370 iu
859 3320 921 3370 alios
932 3337 1020 3370 menses
1032 3337 1072 3369 eus
1083 3320 1196 3387 oxymelli
1205 3339 1280 3372 reser-

158 3391 214 3439 vari
228 3391 328 3454 legitur.
348 3431 380 3438 -
403 3388 512 3451 damnus,
530 3390 555 3437 d.
582 3386 688 3450 dicimus,
704 3403 746 3438 ac.
769 3390 829 3440 Vid.
845 3394 885 3452 80,
900 3395 939 3440 58.
959 3429 990 3438 ..
1017 3396 1040 3436 et
1055 3404 1113 3451 ecce,
1132 3382 1279 3442 OTKacd.

157 3452 268 3586 Eccepqd.
289 3499 320 3507 ..
341 3455 515 3573 gappadociae,
531 3448 614 3506 datr.
637 3453 808 3520 Cappadociae,
819 3458 871 3508 Ta.
895 3451 1102 3520 cappadociam.
1120 3497 1152 3506 ..
1171 3458 1204 3520 ui,
1216 3459 1279 3509 aad.

157 3525 204 3573 rusi
266 3562 323 3575 .-
367 3525 428 3574 atius
448 3527 473 3574 d.

191 3562 210 3656 §⁹
221 3540 276 3643 lab.
294 3591 378 3656 Neque
389 3609 419 3642 err
429 3561 516 3653 bodam,
529 3592 609 3641 acdr.
627 3589 711 3654 Neque
722 3606 753 3640 er
763 3606 797 3651 eo,
809 3592 852 3655 Ap
871 3590 906 3640 nl.
923 3587 977 3640 Nec
988 3605 1017 3639 es
1029 3589 1115 3653 eodem,
1126 3586 1156 3652 β.
1175 3629 1206 3640 ..
1222 3607 1278 3655 pos-
1375 3646 1378 3657 Ι

157 3667 218 3721 sunt,
230 3662 326 3724 Appul.
346 3660 448 3724 possint,
463 3653 545 3735 dud..
554 3658 638 3724 possit,
651 3674 673 3709 c.
695 3699 721 3706 -
747 3657 836 3719 imma,
850 3606 939 3709 daed.
961 3656 1039 3718 biera,
1050 3653 1080 3720 β.
1100 3698 1131 3708 ..
1153 3658 1173 3707 ii
1183 3658 1278 3722 patr'em

159 3742 236 3804 tiores,
248 3745 284 3793 ita
295 3759 343 3793 nos
355 3745 508 3808 scripsimus.
525 3742 692 3807 ipatautiores,
704 3744 735 3794 Τ.
754 3741 939 3806 impatientiores,
952 3737 1022 3803 add.
1045 3741 1211 3807 impatientior,
1222 3744 1278 3808 Ap·

157 3810 210 3873 pul.
228 3809 391 3873 patientiores,
402 3812 469 3862 Piut
482 3825 525 3875 cr.
542 3811 576 3862 V.
590 3809 726 3862 columen.
738 3811 786 3860 XI.
798 3815 823 3872 8,
836 3814 877 3861 st.
896 3851 928 3860 -
945 3809 1062 3873 virusque,
1075 3813 1119 3860 ad.
1141 3825 1192 3872 que,
1205 3826 1226 3860 c.
1245 3851 1277 3861 ..

157 3875 371 4005 intimm,Appm.
390 3918 422 3927 ..
443 3876 602 3942 Aepypdac
622 3918 653 3928 ..
675 3876 740 3928 alias
752 3885 793 3940 20,
807 3881 846 3928 78.
866 3885 907 3940 21,
921 3883 961 3928 88.
981 3918 1012 3927 -
1030 3884 1054 3925 et
1064 3883 1174 3938 recentes,
1189 3872 1277 3928 Oacd.

157 3952 307 4006 acreceutes,
344 3958 369 4008 γ.

192 4014 206 4075 ξ
226 4017 282 4062 130.
308 4009 417 4074 iniquis,
436 4014 460 4064 d.
483 4051 514 4060 ..
541 4013 725 4074 remmiscere,
743 4014 786 4064 ad.
815 4019 957 4074 sementare,
973 4028 995 4061 c.
1016 4051 1046 4061 ..
1068 4009 1146 4060 Albae
1162 4027 1278 4077 mamone,

157 4080 288 4142 Theophr.
300 4079 360 4128 hist.
371 4078 450 4142 plant.
462 4077 525 4128 vn.
537 4085 562 4139 4,
574 4085 598 4130 8.

191 4149 205 4210 5
221 4152 275 4197 131.
298 4144 379 4194 radice
391 4143 460 4207 illita,
472 4161 492 4195 r.
512 4184 543 4194 -
560 4143 724 4210 ablaqueatas,
736 4149 769 4199 K„
792 4154 816 4196 et
826 4146 905 4212 reperi
915 4143 1065 4208 ablaqueatis
1076 4144 1180 4207 humarus
1188 4148 1277 4202 Dulce.

157 4255 187 4266 .-
207 4221 366 4274 excreueruut,
379 4229 401 4264 a.
423 4210 574 4275 exercuerim,
585 4209 676 4278 cdssr.
