2896 4792
417 302 487 347 nm.
503 301 565 346 xx.
594 299 672 347 car.
689 299 739 346 111.
769 297 866 345 scor.
882 298 902 340 r.
923 297 950 339 1ο.
1188 277 1250 341 29³

128 454 220 521 Folia
240 454 310 519 eius
332 473 406 518 cum
420 450 602 516 recentibus
624 448 769 535 cupressi
784 457 941 513 contunsa
956 456 987 511 et
1001 443 1157 532 inposita,
1180 443 1252 529 ipsa

128 577 254 640 quoque
271 563 354 619 tosta
376 552 409 616 in
421 551 536 636 argilla
558 573 596 616 ac
618 551 691 614 trita
713 572 786 614 cum
808 548 902 632 adipe
924 546 1047 612 anseris
1068 544 1252 611 volneribus

128 656 284 720 medetur.
306 654 375 720 Nec
396 653 637 717 moramentis
665 650 792 716 corticis
814 650 950 715 recentis
972 649 1135 735 podagras
1161 648 1299 712 resti-17

129 765 222 842 gerat
242 767 274 822 et
296 755 426 821 ardores
449 752 574 840 capitis,
596 752 768 817 infantium
790 773 951 830 maxume,
975 760 1007 816 et
1027 750 1114 836 ignis
1136 771 1255 827 sacros,

129 857 180 922 vel
211 857 324 922 iisdem
358 854 554 941 strigmentis
586 852 736 940 inpositis
772 853 824 919 vel
859 852 1044 917 seminibus.
1079 848 1186 942 Sucus
1214 872 1254 916 ex

129 958 326 1044 strigmentis
355 957 466 1022 inlitus
494 978 567 1021 cum
593 977 725 1020 rosaceo
763 964 794 1019 et
823 963 914 1019 aceto
951 952 1091 1018 febrium
1120 952 1254 1017 ardores

128 1059 298 1146 refrigerat
305 1083 315 1136 ;
338 1057 446 1123 aridae
469 1057 550 1122 cinis
564 1056 725 1143 inpositus
748 1056 826 1121 mire
842 1055 998 1120 conbusta
1020 1063 1122 1119 sanat.
1146 1051 1254 1139 Chry·

129 1161 242 1246 sippus
257 1159 400 1225 medicus
421 1156 594 1222 damnabat
613 1179 667 1222 eas
688 1158 722 1221 in
738 1156 830 1235 cibis,
854 1157 912 1223 sed
933 1155 1075 1221 omnium
1096 1176 1256 1220 consensu

129 1261 292 1328 stomacho
314 1259 502 1325 utilissimae
524 1258 705 1324 iudicantur
734 1267 766 1322 et
792 1257 1030 1323 interaneorum
1059 1256 1254 1322 vesicarum-

64 1381 66 1385 ’
129 1384 191 1446 que
213 1359 512 1427 exulcerationibus.
1323 1436 1327 1441 Ι

172 1465 201 1528 9.
224 1463 287 1529 Est
310 1472 342 1526 et
362 1482 442 1545 rapo
465 1460 515 1524 vis
544 1459 679 1525 medica.
715 1457 892 1523 Perniones
920 1458 1050 1523 fervens
1078 1457 1255 1542 inpositurn
1271 1473 1300 1517 rs

130 1575 232 1643 sanat,
254 1564 332 1629 item
353 1563 458 1650 frigus
480 1560 571 1647 pellit
592 1558 772 1645 epedibus.
795 1559 892 1644 Aqua
907 1558 1030 1625 decocti
1044 1558 1114 1624 eius
1129 1559 1255 1623 fervens

128 1664 281 1751 podagris
301 1663 399 1729 etiam
421 1661 549 1750 frigidis
570 1661 716 1726 medetur
739 1670 772 1725 et
793 1660 926 1725 crudum
950 1670 1082 1725 tunsum
1102 1681 1176 1726 cum
1189 1657 1255 1724 sale

129 1765 318 1847 cuicumque
333 1764 410 1829 vitio
420 1764 550 1849 pedum.
574 1759 694 1827 Semen
707 1761 835 1827 inlitum
850 1771 883 1827 et
904 1771 1017 1847 potum
1031 1761 1066 1825 in
1087 1762 1163 1826 vino
1178 1782 1252 1826 con·

131 1877 180 1930 tra
202 1865 360 1951 serpentis
382 1875 415 1929 et
437 1864 543 1929 toxica
564 1865 703 1928 salutare
725 1886 796 1930 esse
817 1864 983 1950 proditur,
1005 1886 1024 1928 a
1046 1863 1156 1928 multis
1178 1883 1254 1927 vero

128 1966 265 2032 antidoti
286 1965 351 2030 vim
372 1963 491 2030 habere
512 1964 547 2029 in
561 1962 638 2030 vino
659 1974 692 2029 et
712 1965 792 2030 oleo.
814 1964 1021 2031 Democritus
1043 1965 1077 2029 in
1100 1974 1201 2030 totum
1217 1985 1256 2029 ea
1271 1979 1300 2022 rs

130 2065 291 2135 abdicavit
316 2066 350 2130 in
363 2066 454 2132 -eibis
476 2076 609 2152 propter
636 2065 835 2144 inflationes,
871 2065 1005 2132 Diocles
1031 2065 1157 2153 magnis
1183 2066 1253 2132 lau·

129 2168 226 2235 dibus
248 2167 329 2247 tulit,
357 2168 452 2232 etiam
482 2190 634 2234 venerem
657 2167 813 2233 stimulari
839 2166 880 2231 ab
902 2166 943 2232 iis
964 2169 1149 2255 professus3
1176 2168 1254 2234 item

24 2331 43 2356 ‚
129 2269 320 2354 Dionysius,
342 2269 510 2356 magisque
533 2269 561 2334 si
581 2291 680 2335 eruca
702 2269 923 2346 condirentur3
946 2279 1030 2336 tosta
1049 2291 1179 2355 quoque
1200 2291 1252 2334 ar·

129 2371 300 2435 ticulorum
321 2368 423 2434 dolori
445 2392 519 2435 cum
540 2368 636 2456 adipe
659 2369 826 2454 prodesse.

172 2471 223 2534 10.
246 2466 402 2534 Silvestre
424 2489 538 2554 rapum
552 2468 586 2534 in
608 2469 694 2534 arvis
712 2491 860 2534 maxume
875 2465 1028 2548 nascitur,
1053 2471 1252 2547 fruticosum,
1265 2483 1299 2528 20

129 2570 250 2636 semine
272 2569 424 2649 candido,
452 2570 552 2655 duplo
574 2568 693 2634 maiore
716 2591 814 2654 quam
834 2571 1015 2656 papaveris.
1045 2570 1120 2636 Hoc
1142 2560 1184 2634 ad
1204 2570 1251 2634 le-

129 2670 303 2757 vigandam
324 2681 429 2737 cutem
450 2670 484 2735 in
498 2669 581 2736 facie
604 2680 733 2754 totoque
754 2691 888 2758 corpore
910 2682 1055 2750 utuntur,
1078 2672 1179 2736 mixta
1200 2670 1251 2736 fa-

128 2772 200 2837 rina
219 2772 290 2858 pari
308 2793 458 2839 mensura
480 2772 559 2850 ervi,
586 2771 698 2838 hordei
720 2781 753 2838 et
774 2772 873 2839 tritici
895 2783 927 2840 et
947 2773 1051 2860 lupini
1056 2798 1066 2851 ;
1094 2771 1188 2838 radix
1209 2771 1251 2838 ad

127 2874 236 2939 omnia
256 2873 387 2940 inutilis.

162 3049 176 3110 5
191 3050 230 3098 17.
256 3061 343 3127 recens,
358 3041 458 3098 OTad.
477 3049 535 3100 Om.
547 3048 644 3128 Appnl.
653 3047 778 3127 ‚Roeentir
789 3064 848 3099 cum
859 3050 892 3100 sit
903 3063 987 3101 aec-us.
1000 3049 1066 3114 plur.
1079 3049 1208 3113 pertinens
1218 3051 1251 3100 ad

126 3113 1250 3250 λλλλῑΐυῖλλλᾛλ·..1111113111λοπῖἳλλλλλλξποῖ

128 3247 301 3312 destrinpentr'r,
314 3265 336 3298 a.
355 3248 384 3297 de
395 3249 539 3314 strigmentis
550 3249 588 3299 vel
598 3249 641 3312 bis,
652 3247 702 3315 βγ.

162 3313 231 3375 §lm
257 3315 394 3377 Perniones,
411 3319 435 3366 d.
462 3317 600 3378 Pronioner,
616 3318 714 3382 Appul.
740 3315 876 3379 Pulmone,
894 3334 918 3370 a.
943 3320 1086 3383 Exscripsit
1101 3320 1167 3370 hacc
1181 3319 1248 3370 Plio.

128 3383 214 3432 Valer.
228 3389 251 3444 4,
264 3390 319 3446 34.;
340 3386 396 3434 add.
408 3383 527 3434 Dioscor.
540 3391 564 3445 2,
579 3391 635 3435 134.
655 3425 686 3434 ..
707 3384 818 3447 serviem,
830 3388 876 3435 ad.
895 3426 927 3435 ..
949 3384 1025 3449 Aqua
1035 3384 1125 3436 decocti
1135 3387 1185 3436 cius
1191 3387 1248 3451 scr·

128 3466 190 3512 vens,
202 3451 278 3502 Tad.
296 3467 362 3514 aqua
373 3449 497 3500 decertata.
509 3450 545 3499 Er
556 3451 600 3511 ius,
611 3448 641 3512 β.
658 3492 690 3501 -
709 3451 867 3500 antidantium
878 3451 971 3515 tabae,
983 3455 1028 3504 ad.

161 3519 176 3582 ξ
191 3524 230 3569 19.
256 3534 286 3568 ea
298 3517 418 3568 andicavis
429 3518 453 3567 in
464 3517 532 3580 cibis,
545 3535 561 3568 s
572 3517 743 3581 (codd.‘(}el.)
761 3517 884 3568 abdicavit
893 3535 923 3567 aa
934 3536 952 3568 ο
962 3519 1027 3582 orbis,
1036 3521 1068 3570 Τ.
1086 3519 1207 3570 abdicavit
1216 3523 1249 3571 ab

128 3601 158 3633 ου
167 3585 269 3665 abiud.
284 3628 314 3636 ..
328 3582 424 3666 'extalis
436 3603 455 3636 r.
470 3627 501 3637 -
520 3585 564 3648 lis,
576 3588 623 3665 ad,
635 3589 761 3665 undenos
773 3585 805 3634 iis
816 3587 970 3665 scripsimus.
988 3587 1030 3648 eis,
1042 3589 1117 3668 codd.
1130 3589 1187 3640 Gcl.
1195 3585 1247 3653 βγ.

128 3651 1248 3786 mults&lsblllffllplflfiltslelbltt'tftla-...flf'mtat}

128 3800 151 3833 a.
171 3826 202 3834 ..
216 3785 491 3850 proclamaremus.
508 3787 613 3853 prodest,
628 3783 727 3840 erac.

162 3850 177 3912 ξ
187 3859 230 3929 20.
256 3870 372 3917 papaver,
389 3857 433 3905 ad.
459 3856 501 3906 De
517 3873 544 3907 re
559 3873 583 3907 v.
595 3857 713 3908 Dioscor.
726 3863 750 3918 2,
765 3862 820 3908 135.
847 3897 878 3908 ..
907 3855 1081 3922 marmandam,
1098 3859 1171 3908 codd.
1188 3857 1246 3910 Gel.

129 3917 303 3983 laeviqcndum,
317 3915 347 3971 θ.
370 3921 529 3986 albiccadcm,
541 3927 592 3974 ΓΗ.
614 3923 781 3988 dealbandum,
792 3925 889 3985 Dulce,
907 3966 936 3975 -
952 3925 1053 3989 farina,
1065 3925 1145 3975 Hard.
1166 3925 1246 3986 urina,

128 3983 197 4047 adst.
217 4028 248 4037 -
262 3987 324 4051 pari
335 4004 451 4052 mensura,
464 3992 487 4041 d.
507 3991 568 4054 pari
578 3994 696 4056 ndsrcpra
715 4010 739 4043 a.
758 4034 790 4042 -
813 3990 881 4042 berbi
900 3996 924 4043 d.
942 3991 998 4042 lrcvr‘
1015 4009 1038 4043 a.
1056 3991 1176 4044 Getarum
1187 3989 1247 4054 iuss

127 4063 186 4118 post
197 4070 221 4105 v.
235 4069 344 4103 mansura
355 4057 430 4120 plene
442 4057 634 4122 inter-pungitur,
652 4061 688 4110 ita
697 4030 732 4111 ’ut
748 4061 859 4123 genetivi
876 4030 964 4111 irai-
972 4030 1049 4124 lupini
1057 4062 1184 4124 pendeant
1195 4077 1211 4110 s
1222 4077 1245 4111 v.

127 4120 212 4185 radim
229 4124 294 4173 hanc
305 4124 536 4187 interpunctionem
548 4128 656 4178 correxit
667 4128 746 4186 Hard.
758 4143 792 4178 ex
803 4129 966 4178 Dioscorida:
985 4124 1111 4191 μίγνυται
1129 4125 1162 4176 δὲ
1180 4125 1244 4194 σμή-

127 4204 209 4252 raam
220 4187 366 4256 προσώπου
376 4185 421 4240 καλ
434 4189 484 4242 τοῦ
495 4185 580 4240 ἄλλου
587 4190 706 4258 χρωτός,
720 4190 771 4244 ὅσα
783 4186 817 4244 δι’
829 4191 952 4261 ἀλεύρων
964 4191 1066 4258 γίνεται
1078 4192 1215 4262 depulsor
1227 4195 1245 4262 ἢ

126 4253 243 4320 πυρίνων
257 4257 273 4324 ἢ
286 4254 431 4323 ὀροβίνυνν.
451 4299 482 4309 ..
502 4265 525 4308 ct
535 4258 616 4323 tritici,
628 4263 674 4313 ad.
691 4260 771 4324 asia,
782 4258 833 4327 βγ.
