2896 4792
406 269 476 315 nra.
493 269 568 316 xrs.
599 267 676 315 car.
695 267 770 313 vm.
803 266 900 314 sucu.
916 268 1000 311 etr-⁴1.
1201 247 1265 321 173

182 425 235 490 41.
269 419 354 490 Olus
383 419 565 504 caulisque,
600 419 718 504 quibus
750 440 836 484 nuuc
862 417 1060 506 principatus
1086 418 1326 500 hortorum,1as

142 525 230 614 apud
252 523 395 594 Graecos
416 522 450 587 in
471 522 594 588 honore
615 522 715 588 fuisse
736 542 800 587 non
822 521 965 607 reperio,
989 522 1046 588 sed
1068 518 1152 588 Cato
1172 522 1265 591 bras·

143 628 229 695 sicae
260 625 359 692 miras
390 623 477 691 canit
508 622 621 690 landes
649 644 730 707 quas
755 622 790 687 in
815 621 963 687 medendi
988 623 1266 693 loco-reddemus.

143 729 277 796 Genera
302 725 372 793 eius
398 725 476 791 facit
498 724 576 790 tria:
608 746 707 788 uuam
729 720 870 790 extentis
890 722 990 803 foliis,
1023 724 1115 792 caule
1136 749 1265 815 magno,

56 874 61 883 -
144 829 277 896 alteram
299 825 408 912 crispo
427 825 513 905 lolio,
535 846 632 911 quam
654 825 799 912 apiacam
822 835 951 904 vocant,
981 825 1109 894 tertiam
1134 829 1267 896 minutis

146 929 303 1008 caulibus,
324 928 440 1006 leuem,
462 937 616 1005 teneram,
637 925 842 1011 minumeqne
863 926 989 1011 probat.
1021 925 1174 996 Brassica
1199 939 1329 998 totores

143 1054 229 1098 anno
256 1030 391 1107 seritur,
418 1028 571 1114 quoniam
597 1037 630 1095 et
650 1037 718 1094 toto
740 1038 884 1108 secatur,
907 1027 1076 1096 utilissime
1097 1043 1204 1098 tamen
1224 1030 1268 1099 ab

143 1131 345 1218 aequinoctio
376 1129 539 1208 autumni,
572 1129 826 1215 transferturque
852 1151 925 1196 eum
951 1130 1095 1216 quinque
1119 1131 1268 1200 foliorum

143 1244 210 1314 est3
233 1254 328 1319 cyma
348 1254 369 1298 a
389 1231 493 1319 prima
515 1230 654 1298 sectione
675 1241 820 1318 praestat
839 1251 997 1317 proxumo
1019 1255 1106 1300 vere.
1131 1232 1198 1301 Hic
1217 1246 1269 1302 est

144 1334 275 1420 quidam
306 1334 451 1420 ipsorum
482 1332 622 1399 caulium
654 1330 820 1398 delicatior
848 1331 1050 1418 teneriorque
1081 1336 1268 1428 cauliculus,

143 1435 243 1524 Apici
263 1434 411 1502 luxuriae
432 1443 465 1500 et
485 1455 546 1521 per
567 1454 641 1498 eum
655 1431 767 1500 Druse
779 1430 915 1500 Caesari
935 1433 1099 1502 fastiditus
1119 1457 1184 1504 non
1198 1437 1269 1505 siue

143 1535 355 1626 castigatione
366 1533 480 1601 Tiberi
492 1534 603 1621 patris,
626 1533 708 1600 Post
724 1555 852 1620 cymam
864 1556 905 1600 ex
916 1535 1029 1602 eadem
1039 1535 1184 1605 brassica
1194 1560 1269 1605 cou-
1284 1553 1330 1599 ras

143 1639 274 1726 tingunt
291 1636 406 1705 aestivi
425 1637 687 1723 autumnalesque
706 1635 865 1714 cauliculi,
887 1657 963 1703 mox
978 1635 1115 1718 hiberni,
1131 1638 1267 1707 iterum·

143 1762 207 1827 que
237 1760 367 1826 cymae,
396 1737 484 1805 nullo
505 1759 609 1824 aeque
633 1759 752 1826 genere
776 1736 940 1804 mtdtifero
972 1737 1075 1806 donec
1101 1739 1268 1809 fertilitate

143 1862 203 1909 sua
223 1849 439 1907 consumatur.
467 1838 583 1906 Altera
605 1839 686 1905 satio
707 1837 749 1905 ab
771 1839 974 1925 aequinoctio
1000 1862 1100 1907 verno
1121 1852 1181 1922 est,
1208 1864 1266 1910 cu·

142 1943 194 2010 ius
206 1944 316 2030 planta
326 1952 471 2008 extremo
493 1962 569 2007 vere
589 1941 763 2028 plantatur,
785 1963 828 2008 ne
848 1941 941 2029 prius
956 1963 1051 2029 cyma
1064 1964 1163 2027 quam
1176 1944 1267 2013 caule

142 2045 264 2133 pariat;
287 2043 382 2110 tertia
404 2042 489 2109 circa
511 2042 693 2121 solstitium,
716 2064 758 2108 ex
778 2065 861 2128 qua,
885 2044 913 2110 si
934 2043 1073 2110 umidior
1093 2046 1185 2111 locus
1206 2055 1266 2124 est,

143 2155 280 2225 aestate,
314 2146 342 2211 si
364 2144 494 2224 siccior,
528 2154 680 2210 autumno
707 2144 882 2232 plantatur.
918 2144 1023 2213 Umor
1042 2145 1268 2232 fimumquesi

56 2296 58 2301 .
145 2248 289 2327 defuere,
310 2246 412 2314 maior
434 2245 559 2332 saporis
580 2246 685 2334 gratia
706 2256 766 2326 est,
789 2247 817 2313 si
837 2245 1056 2328 abundavere,
1076 2246 1267 2316 laetiorler·

144 2347 259 2427 tilitas3
281 2348 392 2412 fimum
414 2346 576 2413 asininum
596 2369 747 2414 maxume
769 2349 928 2416 convenit.
955 2348 1018 2416 Est
1038 2349 1118 2416 haec
1140 2372 1268 2437 quoque
1281 2365 1328 2412 raa

143 2471 196 2514 res
227 2448 313 2514 inter
343 2468 444 2532 opera
470 2468 608 2534 ganeae,
641 2459 839 2535 quapropter
864 2471 930 2516 non
951 2450 1077 2539 pigebit
1098 2451 1268 2519 verbosius

143 2547 303 2638 persequi.
337 2546 537 2634 Praecipuus
557 2547 594 2612 iit
614 2547 715 2630 caulis
737 2570 852 2635 sapore
873 2572 912 2617 ac
933 2552 1171 2638 magnitudine,
1198 2554 1266 2639 pri·

143 2673 231 2716 mum
253 2649 395 2714 omnium
417 2648 445 2714 si
465 2647 500 2714 in
517 2648 714 2735 repastinato
737 2670 836 2729 seras,
859 2647 934 2716 dein
955 2650 984 2716 si
1004 2661 1122 2717 terram
1136 2653 1265 2741 fugien-

143 2752 183 2818 tis
213 2749 386 2827 cauliculos
420 2770 557 2834 sequare
587 2758 674 2816 terra
704 2748 906 2835 tollentisque
937 2771 972 2817 se
993 2752 1186 2838 proceritate
1214 2753 1265 2821 lu·

142 2854 274 2920 nudosa
305 2851 533 2941 exaggerando
564 2849 661 2917 aliam
690 2850 877 2917 adcumules
911 2851 959 2918 ita
992 2875 1034 2920 ue
1065 2853 1139 2941 plus
1169 2876 1265 2941 quam

175 3028 262 3092 §lae
282 3023 495 3078 detodererust
509 3029 565 3078 137.
584 3066 616 3076 ..
635 3021 718 3075 leudes
729 3024 801 3083 cauit
814 3028 838 3077 d
857 3067 889 3078 ..
909 3023 1033 3078 reddemus
1045 3035 1086 3092 20,
1099 3031 1131 3079 78
1143 3046 1213 3096 seqq.
1232 3072 1264 3082 ,
1298 3092 1301 3099 Ι
1344 3042 1356 3065 =.

142 3093 204 3143 trio.-
215 3110 296 3157 uuam,
309 3095 391 3146 omitt.
403 3097 466 3146 aed.
478 3135 510 3145 ..
523 3093 644 3160 apansa
656 3094 712 3144 cod.
720 3091 831 3145 Victorii
841 3097 875 3146 ed
887 3095 944 3148 Cat
956 3095 1094 3161 appictum,
1110 3091 1179 3149 ded,
1195 3098 1265 3164 epia-

34 3209 44 3222 ,
141 3178 205 3224 acm,
217 3158 286 3227 αβγ.
309 3161 419 3226 apiastro,
431 3161 505 3214 Oete.
524 3202 556 3212 ..
578 3168 670 3223 uomet
685 3154 775 3212 daed.
798 3170 875 3225 uocat,
885 3154 937 3230 βγ.
960 3171 1065 3229 uocum,
1079 3165 1152 3218 Cato.
1171 3206 1203 3218 ..
1221 3166 1265 3217 ati·

141 3229 256 3292 uitaeque,
272 3222 391 3279 OTaed.
408 3245 479 3293 quum
491 3228 592 3291 minime,
603 3230 637 3280 K.
654 3227 754 3291 minime,
765 3225 795 3292 β.

176 3298 261 3360 5137.
280 3304 365 3357 tumea,
377 3297 441 3346 aed.
464 3303 551 3357 auum,
564 3297 594 3346 Τ.
614 3336 645 3345 ..
664 3296 862 3362 transferturque,
877 3292 997 3352 OTaed.
1020 3301 1172 3364 uanasertur,
1183 3299 1213 3366 β.
1231 3345 1263 3355 ..

142 3379 202 3423 cam,
214 3366 277 3414 aod.
295 3370 351 3425 tum,
362 3364 393 3414 Τ.
406 3404 438 3414 -
458 3361 625 3427 VIsols'orum,
638 3362 775 3415 Columell.
785 3365 835 3416 XI.
846 3373 871 3428 ³,
880 3373 922 3419 33.
934 3409 966 3418 -
984 3384 1061 3434 cyme,
1073 3374 1130 3421 aod
1142 3368 1265 3437 (Appul.)

142 3446 230 3495 cymas,
241 3425 269 3492 β.
291 3472 321 3480 ..
339 3430 446 3492 soetmue,
458 3432 557 3496 Appul.
579 3429 704 3493 secedere,
716 3433 748 3482 Τ.
770 3424 814 3501 sss]
820 3433 967 3498 motionem,
978 3438 1003 3486 d.
1026 3437 1158 3496 secutione,
1171 3454 1192 3489 c.
1214 3446 1265 3489 sto·

142 3498 212 3560 duae,
228 3516 252 3549 a
277 3499 375 3560 radone,
392 3500 430 3562 Κ,
448 3501 518 3564 quod
534 3498 644 3564 praeterr
659 3497 807 3550 Schneider.
824 3503 857 3554 ad
873 3500 1011 3554 Columell.
1030 3508 1140 3568 10,1aa.
1163 3548 1195 3557 -
1220 3523 1265 3571 per

142 3581 201 3627 eum,
213 3568 270 3617 aad
283 3564 406 3631 (Appul.)
420 3566 530 3632 perinde,
541 3567 575 3617 Κ.
594 3607 625 3617 ..
645 3563 772 3630 blaudinus,
784 3569 817 3619 K.

176 3633 261 3695 5138.
279 3634 411 3699 fertilitate
427 3651 480 3698 aaa,
496 3637 552 3687 acd
568 3631 691 3700 (Apprss.)
717 3650 763 3684 auu
770 3634 909 3700 feralitate,
924 3632 976 3703 βγ.
994 3681 1025 3690 -
1053 3649 1227 3691 consummem
1250 3656 1265 3692 e

143 3699 265 3765 (Appul)
284 3743 315 3752 ..
338 3701 427 3752 Altera
441 3703 540 3754 sodo-
547 3718 619 3767 qrsum
630 3701 697 3752 caule
705 3701 800 3768 pariat,
811 3704 837 3754 D
853 3707 886 3758 ad
897 3708 1045 3772 aaronem,
1057 3710 1140 3760 omitt.
1152 3678 1264 3774 aedulf.

142 3768 297 3832 Recipienda
311 3785 371 3821 vero
387 3779 446 3822 suut
461 3772 508 3822 illa
522 3773 600 3822 verba
616 3778 645 3822 ut
660 3786 720 3822 vere
735 3772 865 3836 Pliniana,
883 3775 943 3839 quia
959 3776 995 3827 ita
1011 3779 1114 3828 demum
1130 3776 1229 3840 tertia(
1257 3815 1264 3828 .

142 3834 221 3898 satio)
233 3838 382 3899 explicatur,
394 3839 437 3889 ubi
449 3840 528 3890 Hard.
540 3840 608 3890 male
619 3842 651 3890 de
662 3854 736 3904 cyma
747 3841 851 3904 cogitat
864 3881 897 3892 ..
914 3842 1006 3896 dante
1014 3843 1099 3894 auur
1107 3845 1188 3895 omitt
1200 3847 1264 3896 aod.

142 3943 173 3952 ..
190 3901 321 3964 plantator,
333 3919 354 3953 c.
374 3946 404 3956 ..
415 3905 555 3970 fimumque,
567 3909 629 3957 aed.
639 3905 768 3970 fissusque,
780 3903 831 3971 βγ.

176 3972 260 4033 3139.
284 3987 428 4033 aequorea.
451 3989 533 4036 quere,
546 3987 568 4024 c.
590 3975 706 4038 sequaris,
719 3976 772 4027 Τὰ.
794 3972 928 4043 seemssr.
946 4020 977 4029 ..
1003 3977 1266 4044 terratolleutesquaas

138 4038 282 4101 proceritate
291 4036 422 4101 luxurioso,
432 4055 453 4089 c.
471 4048 559 4090 eterra
568 4041 717 4107 tollentesque
727 4060 752 4092 se
765 4044 908 4108 proceritate
920 4044 1049 4107 luxuriosa,
1061 4051 1086 4098 d.
1105 4047 1265 4100 comoedo

142 4107 269 4155 consentit
285 4108 342 4155 cod.
359 4123 386 4168 a,
403 4109 452 4158 nisi
470 4109 539 4172 quod
556 4107 703 4174 dolentesque
720 4112 804 4163 habet
827 4128 845 4161 u
859 4121 970 4177 unaque
981 4112 1112 4164 attollentes
1123 4130 1149 4163 ee
1158 4116 1264 4179 ρνοανί·

141 4171 332 4292 memora,
348 4174 426 4226 Hard.
442 4188 468 4239 γ.
494 4191 512 4224 11
527 4183 637 4241 terraque
651 4179 795 4244 praemittite
807 4177 930 4230 lwuriosu
941 4179 1073 4231 attollentes
1083 4199 1116 4245 re,
1127 4178 1157 4244 β.
1176 4225 1207 4234 ..
1226 4192 1264 4235 at-

188 4256 204 4290 u
238 4277 245 4303 ,
275 4277 284 4292 .

175 4308 253 4360 Pom.
271 4309 321 4360 IH.
808 4381 812 4388 1
1020 4313 1059 4379 18
