2896 4792
226 283 268 347 20
447 346 451 355 ,
577 293 782 343 uarumurs
802 293 998 343 ursrorusa

225 450 315 529 folia,
341 447 464 528 buxus,
490 448 571 528 ilex,
598 447 780 535 iuniperus,
807 446 1021 525 terebinthus,
1049 445 1206 532 populus,
1231 467 1340 525 ornus,

227 551 390 639 carpinus.
411 549 474 616 Est
495 560 528 615 st
547 549 789 637 inAppennino
810 548 915 614 frutex
925 548 981 633 qui
994 556 1127 615 vocatur
1140 547 1277 627 rotinus,
1298 549 1342 615 ad

223 652 397 719 linamenta
417 651 513 717 modo
543 650 702 736 conchylii
729 651 833 717 colore
859 650 1008 737 insignis.
1043 649 1166 715 Montis
1192 661 1225 717 et
1250 650 1341 717 vallis
1354 662 1386 709 74

223 753 331 843 diligit
351 753 457 832 abies,
483 752 598 833 robur,
627 762 808 831 castaneae,
836 752 921 832 tilia,
951 751 1030 831 ilex,
1058 774 1187 829 comus3
1214 751 1341 836 aquosis

223 855 384 923 montibus
405 854 548 943 gaudent
569 877 654 934 acer,
677 854 834 934 fraxinus,
857 853 983 933 sorbus,
1007 852 1085 934 tilia,
1108 876 1255 932 cerasus3
1277 876 1341 919 uon

223 956 343 1025 temere
364 957 398 1023 in
418 957 581 1025 montibus
602 958 691 1023 visae
713 967 788 1022 suut
809 979 941 1043 prunus,
959 955 1105 1043 punicae,
1127 954 1268 1033 oleastri,
1289 949 1340 1019 iu-

222 1059 333 1147 glans‚
354 1061 451 1139 mori,
473 1058 633 1135 sambuci;
656 1058 854 1124 descendunt
875 1069 908 1124 et
927 1059 960 1123 in
981 1057 1077 1144 plana
1098 1079 1227 1135 cornus,
1248 1079 1340 1142 cory-

127 1196 132 1203 ·
222 1160 284 1241 lus,
306 1185 455 1247 quercus,
478 1183 587 1239 ornus,
609 1182 692 1238 acer,
714 1158 868 1238 fraxinus,
890 1159 998 1245 fagus,
1013 1159 1164 1246 carpinus
1171 1184 1181 1238 3
1204 1158 1343 1225 subeunt

224 1262 311 1327 etin
332 1274 502 1345 montuosa
522 1261 646 1340 ulmus,
667 1261 786 1339 malus,
813 1260 919 1346 pirus,
946 1261 1056 1326 laurus
1064 1309 1079 1340 „
1101 1273 1240 1346 myrtus,
1261 1283 1340 1326 san-

223 1363 333 1451 guinei
357 1363 505 1441 frutices,
534 1364 599 1429 ilex
626 1362 873 1451 tinguendisque
894 1360 1039 1429 vestibus
1059 1373 1227 1427 nascentes
1248 1362 1340 1449 geni·

224 1476 302 1532 stae.
333 1462 610 1553 Gaudetfrigidis
633 1463 756 1543 sorbus,
779 1464 836 1530 sed
857 1464 962 1551 magis
983 1464 1079 1529 etiam
1099 1462 1234 1541 betulla3
1259 1460 1340 1529 Gal·
1354 1474 1385 1520 7⁵

221 1566 285 1633 lica
309 1565 389 1632 haec
414 1565 509 1633 arbor
534 1564 673 1631 mirabili
701 1565 837 1630 candore
866 1575 963 1648 atque
991 1564 1163 1642 tenuitate,
1192 1562 1341 1629 terribilis

222 1669 470 1759 magistratuum
495 1667 613 1755 virgis,
646 1667 759 1733 eadem
784 1666 911 1732 circulis
932 1666 1065 1746 flexilis,
1097 1665 1175 1730 item
1196 1665 1340 1745 corbium

224 1770 320 1837 costis
327 1794 337 1846 3
364 1770 507 1836 bitumen
532 1791 573 1834 ex
600 1789 639 1833 ea
673 1764 798 1834 Galliac
824 1778 991 1834 excocunt
1037 1767 1078 1832 In
1104 1768 1233 1834 eosdem
1260 1769 1341 1834 situs

223 1871 391 1938 conritatur
418 1881 450 1938 et
477 1870 569 1958 spina
595 1869 778 1956 nuptiarum
799 1869 923 1937 facibus
948 1869 1216 1954 auspicatissima,
1237 1891 1340 1953 quon-

223 1972 287 2039 iam
313 1973 388 2038 inde
413 1971 547 2039 fecerint
573 1980 717 2059 pastores
744 1971 799 2057 qui
829 1980 1004 2058 rapuerunt
1031 1968 1185 2048 Sabinas,
1219 1979 1254 2034 ut
1281 1993 1340 2036 au·

225 2085 295 2139 ctor
316 2085 365 2162 est
384 2072 585 2150 Massurium
614 2096 701 2140 nunc
722 2073 847 2140 lacibus
869 2072 1036 2161 carpinus,
1058 2071 1184 2157 corylus
1205 2072 1341 2139 familia·

224 2177 382 2245 rissimae.

268 2280 319 2345 31.
342 2279 456 2364 Aquas
471 2277 567 2344 odere
584 2278 740 2364 cupressi,
762 2277 940 2365 iuglandes,
963 2288 1140 2357 castaneae,
1154 2275 1340 2354 laburnum3
1355 2286 1386 2334 76

225 2380 346 2467 Alpina
369 2381 502 2447 ethaeo
523 2378 618 2446 arbor
634 2388 698 2446 'nec
718 2380 813 2467 volgo
834 2391 924 2467 uota,
954 2380 1035 2444 dura
1055 2402 1093 2444 ao
1115 2380 1251 2446 candida
1271 2402 1342 2445 ma·

226 2481 316 2562 terie,
340 2482 432 2548 cuius
452 2481 563 2547 florem
586 2481 756 2549 cubitalem
777 2481 978 2569 longitudine
993 2503 1070 2566 apes
1087 2504 1152 2547 non
1166 2481 1341 2568 attingrmt3
1404 2568 1408 2573 1

225 2585 293 2650 odit
316 2595 355 2651 et·
369 2607 452 2670 quae
474 2584 652 2671 appellatm
666 2582 754 2667 Iovis
769 2584 880 2663 barba,
901 2585 936 2649 in
953 2606 1051 2671 opere
1070 2583 1205 2670 topiario
1219 2584 1341 2651 tonsilis

226 2697 258 2751 et
278 2685 313 2749 in
334 2687 562 2753 rotunditatem
585 2687 699 2773 spissa,
721 2697 873 2775 argenteo
895 2687 981 2754 folio.
1003 2686 1078 2752 Non
1091 2686 1153 2751 nisi
1166 2687 1201 2751 in
1215 2686 1342 2770 aquosis
1356 2694 1386 2742 ⁷⁷

225 2790 419 2875 proveniunt
439 2790 560 2866 salices,
582 2788 658 2867 alni,
681 2789 802 2875 populi,
826 2789 910 2868 siler,
932 2789 1068 2876 ligustra
1089 2788 1217 2852 tesseris
1238 2788 1340 2851 utilis-

228 2889 317 2966 sima,
338 2889 416 2955 item
436 2889 579 2956 vaccinia
598 2889 712 2954 Italiae
726 2889 904 2975 mancupiis
919 2900 999 2966 sata,
1017 2885 1140 2951 Galliae
1154 2907 1229 2950 vero
1247 2885 1341 2949 etiam

226 3014 388 3079 purpurae
411 2992 606 3082 tinguendae
628 3013 726 3056 causa
747 2990 788 3055 ad
810 2989 1012 3056 servitiorum
1028 2986 1136 3053 vestis.
1158 2984 1340 3067 Quaecum-

227 3114 289 3178 que
305 3093 474 3159 conmunia
495 3102 570 3159 sunt
583 3090 746 3158 montibus
759 3090 929 3179 planisque
950 3089 1072 3155 maiora
1088 3087 1170 3153 fiunt
1180 3087 1342 3173 adspectu

260 3333 352 3399 opulus,
368 3337 478 3401 suspicio
489 3334 610 3398 scaligeri
622 3335 657 3385 ad
667 3334 798 3397 Theophr.
814 3334 873 3385 hist
889 3333 969 3398 plant.
981 3346 1006 3396 p.
1020 3337 1077 3382 116.
1096 3371 1127 3380 ..
1146 3346 1224 3392 ornus,
1236 3331 1281 3379 ad.
1303 3346 1342 3379 or-

227 3418 381 3521 aburheoqpur,
392 3399 502 3533 striaAd
509 3420 533 3454 v.
549 3403 649 3453 initium
664 3403 815 3467 paragraphi
826 3418 878 3466 seq.
896 3443 928 3452 -
947 3399 1083 3462 anamma,
1094 3398 1173 3450 Hard.
1191 3397 1342 3463 liquameata,

258 3486 273 3520 a
296 3508 302 3520 .
329 3486 435 3521 cacumen
462 3509 469 3532 ,
503 3509 509 3520 .

261 3541 329 3603 §74⁸
351 3540 441 3602 mour,
453 3541 478 3590 d.
501 3554 579 3599 mur,
591 3554 615 3588 a.
632 3577 664 3587 ...
688 3535 754 3585 aicae
764 3536 855 3587 suntin
866 3537 989 3597 montibus,
999 3539 1023 3586 d.
1044 3576 1071 3585 -
1092 3533 1159 3591 mori,
1175 3528 1203 3584 θ.
1226 3532 1307 3594 moria,
1319 3550 1342 3584 a.

227 3622 312 3668 morus,
324 3603 395 3671 ἀβγ.
414 3648 446 3657 ..
467 3603 608 3655 ducendum
618 3613 648 3666 et,
660 3607 706 3654 ad.
730 3602 880 3666 descendunt,
892 3606 924 3655 T.
942 3647 973 3655 -
994 3610 1124 3662 montuosa,
1139 3595 1208 3653 θεὰ.
1220 3609 1343 3661 ·moatosa,

226 3669 255 3736 β.
275 3716 306 3724 ..
323 3674 449 3736 nascentis,
461 3678 501 3724 a².
519 3670 650 3734 nascendis,
661 3675 699 3723 αἱ.

261 3744 329 3806 §la
346 3758 437 3802 aarum,
449 3758 472 3791 a
491 3782 522 3790 -
540 3739 583 3789 aad
592 3740 669 3806 mapr’a
689 3740 777 3790 Tadu.
802 3739 919 3804 etmupu,
931 3735 983 3805 βγ.
1002 3781 1034 3789 ..
1051 3738 1162 3799 corutum,
1174 3755 1196 3789 a
1216 3779 1247 3788 -
1265 3736 1343 3798 amus,

227 3811 307 3861 Turn.
319 3811 376 3859 adv.
389 3814 413 3871 4,
428 3815 465 3860 16.
484 3809 643 3860 Confirmant
657 3778 723 3859 dor.
744 3807 822 3870 amab,
834 3825 850 3859 a
861 3806 947 3871 (codd.
959 3807 1052 3870 Turn.)
1069 3807 1163 3872 sputu,
1174 3801 1203 3867 β.
1223 3848 1254 3856 -
1272 3805 1343 3854 comi·

228 3886 317 3939 tautur,
330 3879 374 3928 ad.
393 3904 425 3927 .·.
442 3874 531 3940 spiuua,
542 3875 576 3925 Κ.
593 3917 625 3926 ...
644 3875 776 3937 Masurius,
788 3878 854 3941 adr.
872 3917 904 3926 ...
922 3874 1022 3942 coryleta,
1033 3879 1078 3926 ad.
1096 3883 1119 3923 et
1129 3873 1228 3939 corylus,
1240 3869 1292 3939 βγ.

262 3947 277 4010 ξ
291 3949 330 3996 76.
347 3945 420 4006 Aqua
431 3942 523 4003 rudore,
535 3944 581 3993 ad.
599 3984 631 3993 -
649 3941 799 4006 rotunditate,
811 3944 900 3994 Dalec.

262 4012 277 4073 fi
291 4017 331 4063 77.
352 4010 489 4075 mancupiis,
501 4011 579 4060 Turn.
591 4012 652 4060 coll.
664 4017 706 4073 21,
721 4014 777 4063 170.
800 4010 826 4060 in
836 4011 952 4076 aucupiis,
963 4006 1033 4073 adst.
1051 4050 1084 4061 ..
1102 4026 1227 4075 purpurae
1238 4010 1343 4075 linquen-

228 4076 283 4139 dae,
299 4072 398 4127 orac.
417 4094 541 4142 purpurea
553 4078 665 4143 tiupeadr',
680 4075 709 4141 β.
728 4120 760 4129 ..
784 4078 897 4144 adaptem
906 4077 1096 4144 pulchrioraque,
1112 4073 1134 4126 θ
1138 4094 1161 4128 a.
1184 4086 1279 4142 aspectu
1288 4075 1343 4141 pul·

228 4144 330 4195 cinara.
352 4144 426 4223 Quau,
439 4148 463 4196 d.
480 4145 638 4210 adspectwue
645 4145 792 4214 pulchriora,
803 4143 854 4213 βγ.
872 4149 906 4198 V.
918 4148 1048 4212 Theophr.
1060 4148 1078 4198 1.
1090 4149 1108 4197 l.
1120 4147 1170 4197 111.
1183 4155 1207 4207 3,
1217 4152 1240 4195 2.

262 4216 277 4278 §
295 4217 336 4265 78.
353 4228 446 4262 omnmo
457 4212 573 4264 silvestres
585 4214 717 4279 quaedam
736 4214 800 4264 haec
811 4216 888 4265 verba
899 4217 926 4264 in
936 4215 1062 4266 Harduini
1074 4216 1130 4266 edd.
1144 4224 1170 4265 et
1180 4229 1199 4279 γ
1210 4227 1343 4277 operarum

228 4282 291 4333 vitio
309 4282 464 4333 exciderunt.
484 4323 514 4333 -
541 4281 665 4346 moniam,
682 4285 718 4334 ita
729 4297 777 4334 nos
788 4284 950 4335 restituimus.
977 4288 1065 4346 quaa
1091 4278 1151 4346 q''m,
1164 4283 1188 4331 d.
1214 4274 1342 4344 quaqssr.
