2896 4792
136 289 202 355 438
491 303 694 352 secuntus
720 301 914 350 nrssomsn

137 457 247 544 pedis,
277 456 428 522 decoctae
450 453 567 520 radicis
587 454 622 519 in
643 453 714 518 oleo
737 475 832 520 sucus
854 453 1026 540 perniones
1048 466 1082 522 et
1103 456 1279 536 ambusta,

50 579 53 583 ’
102 569 170 652 4εἰ
195 555 347 644 gravitmi
375 555 500 621 aurium
527 554 724 633 infunditur,
757 578 777 620 a
804 556 961 621 contraria
987 577 1065 622 aure
1091 556 1127 621 in
1158 557 1279 625 dolore

136 657 289 725 dentium.
325 655 464 722 Prodest
485 667 518 724 et
538 656 650 723 urinae
677 666 754 742 pota
774 656 899 723 modice
921 655 1014 722 radix
1036 667 1069 724 et
1090 659 1278 726 menstruis

138 771 170 825 et
198 758 308 825 lateris
336 757 515 836 doloribus,
549 758 627 825 item
653 757 775 845 ruptis,
810 757 985 838 convolsis,
1014 759 1163 832 tussibus
1193 761 1277 829 dra·

137 859 248 926 chmae
274 858 416 947 pondere
443 857 477 924 in
499 858 573 924 vino
595 867 687 945 pota3
725 859 838 925 eadem
861 869 894 925 et
915 859 1108 927 vomitiones
1132 861 1277 928 adiuvat

136 960 406 1037 conmanducata3
440 959 561 1026 semine
593 970 722 1047 sumpto
756 960 910 1026 turbatur
936 971 1059 1039 venter.
1097 959 1275 1048 Chryser-
1291 983 1318 1030 τι

136 1085 209 1129 mus
230 1073 263 1129 et
284 1060 447 1148 parotidas
468 1060 502 1127 in
517 1060 593 1127 vino
608 1060 739 1128 decocta
753 1056 862 1128 radice
877 1062 1012 1142 curavit,
1033 1063 1111 1129 item
1126 1075 1279 1132 strumas

136 1163 279 1230 admixta
305 1162 422 1248 cachry
449 1185 490 1228 ex
517 1162 602 1229 vino.
638 1160 780 1246 Quidam
809 1163 914 1243 aiunt,
944 1163 971 1228 si
991 1163 1136 1251 inposita
1157 1166 1278 1234 radice

136 1285 214 1351 pars
240 1265 310 1331 eius
335 1264 369 1330 in
394 1266 483 1330 fumo
505 1264 722 1352 suspendatur
743 1276 921 1351 quartoque
948 1266 1179 1346 dissolvatur,
1206 1292 1278 1335 una

137 1389 210 1433 cum
232 1367 339 1433 radice
361 1388 507 1433 arescere
529 1377 694 1432 strumam.
727 1364 904 1454 Sophocles
924 1367 967 1432 ad
987 1366 1153 1455 podagras
1175 1381 1277 1437 utro·

136 1467 318 1553 quemodo,
342 1478 434 1533 cocta
448 1466 623 1552 crudaque,
647 1489 728 1533 usus
750 1478 813 1543 est3
842 1466 884 1532 ad
904 1465 1076 1554 perniones
1097 1469 1278 1538 decoctam

136 1593 176 1637 ex
197 1570 269 1638 oleo
291 1569 380 1635 dedit
402 1580 434 1635 et
457 1567 601 1635 subfusis
622 1567 695 1635 felle
716 1566 751 1633 in
773 1568 848 1634 vino
870 1577 903 1633 et
923 1567 1119 1656 hydropicis}
1157 1570 1278 1640 Vene-

135 1693 204 1738 rem
231 1693 358 1757 quoque
386 1670 539 1737 concitari
566 1692 640 1737 cum
668 1668 745 1736 uno
773 1659 806 1736 et
829 1669 922 1736 melle
943 1669 1109 1757 perunctis
1132 1683 1193 1739 aut
1217 1671 1276 1739 bi·

134 1771 286 1840 bentibus
313 1770 484 1838 tradidere.
519 1769 726 1837 Xenocrates
752 1781 785 1836 et
806 1768 964 1850 lichenas,
994 1793 1124 1857 psoras,
1157 1765 1334 1862 lepras-tf

134 1875 242 1941 radice
255 1875 289 1940 in
304 1884 395 1941 aceto
410 1873 543 1940 decocta
565 1871 633 1939 tolli
654 1870 744 1951 dicit,
765 1871 844 1938 item
867 1871 894 1937 si
916 1883 1006 1938 cocta
1027 1873 1068 1938 sit
1089 1895 1164 1938 cnm
1179 1873 1275 1962 hyo-

135 1998 265 2062 scyamo
292 1986 324 2041 et
350 1974 422 2061 pice
449 1972 586 2058 liquida,
619 1973 743 2040 alarum
769 1995 900 2059 quoque
928 1983 963 2040 et
987 1972 1144 2040 feminum
1174 1978 1275 2061 vitia,

135 2087 168 2143 et
189 2075 340 2162 capillum
361 2075 548 2161 crispiorem
569 2073 658 2154 fieri,
687 2096 761 2139 raso
783 2074 872 2161 prius
895 2074 1017 2162 capite,
1045 2075 1074 2140 si
1094 2076 1208 2144 radice
1234 2102 1277 2147 ea

134 2174 291 2254 fricetur,
329 2171 450 2262 Simus
471 2174 597 2262 lapides
628 2175 754 2243 renium
785 2175 819 2240 in
850 2175 927 2242 vino
957 2175 1090 2242 decocta
1121 2188 1275 2265 potaque

136 2276 251 2354 eximi;
274 2275 491 2364 Hippocrates
512 2276 634 2342 semine
656 2275 698 2341 sd
719 2275 849 2363 inpetus
870 2276 962 2343 lienis
976 2277 1045 2344 dari
1062 2288 1185 2344 censet
1210 2279 1276 2348 Iu-

135 2388 315 2444 mentorum
343 2399 472 2464 quoque
500 2377 608 2444 ulcera
634 2398 672 2444 ac
698 2377 838 2447 scabiem
858 2378 952 2444 radix
974 2377 1145 2467 inlitaaut
1168 2378 1275 2450 deco·

135 2490 205 2546 ctae
219 2480 372 2547 sucusad
393 2480 494 2568 pilum
515 2478 665 2556 reducite
679 2502 789 2546 mures
810 2480 923 2546 eadem
937 2480 1102 2568 fugantur,
1126 2504 1275 2552 caverna

135 2582 305 2670 praeclusa
325 2582 516 2648 moriuntur.

166 2789 248 2854 pedr's,
265 2793 302 2841 ita
318 2807 365 2843 nos
382 2791 536 2854 scripsimus.
559 2788 686 2854 pedm,
703 2789 788 2842 avt.
811 2787 911 2853 pedm,
922 2785 974 2855 βγ.
998 2830 1031 2842 ..
1053 2789 1163 2853 demeto,
1180 2792 1217 2844 R.
1238 2835 1275 2848 .,

134 2874 197 2921 saco,
209 2860 241 2911 lt.
260 2900 291 2908 ..
310 2859 428 2920 ambusto,
440 2855 517 2910 Rdd.
540 2858 670 2921 ambulat,
682 2858 717 2908 V.
734 2898 767 2908 ..
790 2862 820 2920 et,
833 2854 912 2909 de.
929 2864 953 2906 et
963 2855 1005 2920 od,
1016 2853 1067 2923 βγ.
1084 2859 1158 2911 simil
1170 2861 1275 2917 horum

134 2927 212 2977 habet
224 2927 258 2978 V.
277 2967 309 2976 ..
325 2924 454 2992 pravitati,
466 2927 504 2991 ita
514 2941 562 2978 nos
573 2926 727 2991 scripsimus.
743 2923 872 2990 φαυίἰαίε,
883 2925 916 2976 R,
932 2922 1084 2991 praoitstem,
1097 2921 1229 2993 Vdrfssr.
1250 2937 1276 2981 et

134 2995 257 3044 amiatae
266 2994 418 3059 praeturas,
431 2993 544 3047 Gronov.
563 3033 595 3045 -
613 3000 638 3044 et
651 3009 668 3042 a
684 2990 815 3054 contario,
826 2991 918 3045 Dslcc.
935 3033 967 3043 -
986 3007 1017 3043 aa·
1030 2992 1164 3056 cantab,
1177 2996 1215 3047 V.
1238 3038 1275 3050 ..,

152 3068 226 3122 clota,
239 3064 263 3112 d.
679 3118 682 3123 ¹

132 3078 151 3125 p
170 3131 185 3193 ξ
200 3132 238 3180 71.
268 3126 431 3193 Chrysermas,
448 3129 496 3180 vt
525 3126 696 3194 Chryserimas,
713 3128 764 3177 V².
794 3122 958 3192 aporians,
975 3127 1007 3178 R
1036 3125 1168 3194 Optemus,
1181 3130 1209 3179 d.
1236 3171 1273 3182 -

134 3195 193 3256 eius,
205 3197 262 3247 Vd.
280 3195 330 3247 aas
341 3195 371 3258 si,
384 3198 416 3247 Β.
436 3237 468 3247 -
486 3202 624 3260 pactaque,
640 3188 782 3246 osvrt.
800 3201 824 3244 et
834 3203 930 3259 quarta,
942 3190 972 3257 β.
984 3236 1017 3245 ..
1035 3192 1171 3260 Sophoclea
1185 3194 1232 3260 d(
1248 3197 1272 3263 ).

134 3261 224 3325 Sociis,
240 3257 302 3314 OV.
324 3262 418 3327 Socrea
428 3266 461 3315 R.
484 3263 602 3324 Socrates
614 3259 711 3327 cipp.
736 3260 843 3325 Diocles,
856 3261 970 3314 Gronov.
992 3264 1089 3314 Verum
1107 3263 1216 3327 quidem
1229 3275 1275 3320 est

133 3331 246 3382 Plinium
262 3332 289 3381 in
305 3333 431 3384 indicibus
447 3332 569 3383 librorum
580 3329 799 3384 XXILXXVI.
825 3329 963 3395 Sophoclis
973 3331 1149 3382 auctoritatem
1161 3346 1231 3395 prae
1242 3349 1273 3386 se

134 3398 206 3462 ferre,
222 3408 249 3451 at
264 3415 318 3450 nou
333 3401 417 3451 minus
432 3415 521 3456 verum
537 3414 596 3450 sum
612 3400 639 3449 in
654 3399 716 3463 ipsis
731 3398 856 3449 naturalis
867 3399 989 3450 historiae
999 3399 1069 3450 libris
1079 3405 1181 3463 praeter
1192 3399 1273 3452 bunc

133 3483 214 3517 unum
230 3469 326 3530 locum,
342 3468 387 3518 ubi
403 3482 478 3518 nemo
495 3474 561 3517 certe
577 3470 609 3518 de
624 3473 703 3532 poeta
719 3467 817 3530 tragico
834 3466 957 3530 cogitabit
973 3474 999 3518 et
1013 3467 1057 3517 ubi
1069 3467 1125 3531 ipsa
1136 3466 1273 3532 seriptm

133 3536 208 3585 valde
220 3535 317 3585 incerta
328 3543 374 3596 est,
390 3536 466 3585 nullo
478 3535 532 3586 eius
543 3535 691 3585 testimonio
703 3535 748 3585 uti.
766 3533 823 3584 Iam
836 3535 904 3585 dicas
915 3533 1023 3586 fortasse
1034 3549 1128 3584 nomen
1139 3543 1240 3598 poetae
1251 3553 1273 3588 a

133 3602 230 3663 Plinio,
247 3603 318 3666 quod
334 3616 409 3666 saepe
424 3603 452 3652 in
467 3603 523 3653 aliis
541 3603 687 3654 auctoribus
697 3601 795 3653 factum
811 3616 866 3653 esse
879 3603 981 3664 seimus,
997 3616 1161 3666 suppressum
1172 3602 1269 3667 fnisse,

133 3670 285 3720 sententiam
294 3670 347 3719 eius
357 3671 468 3733 aliquam
477 3671 618 3733 laudatam3
630 3678 657 3720 at
667 3670 695 3719 id
707 3672 739 3719 de
750 3669 849 3720 medico
861 3670 949 3733 aliquo
960 3671 1001 3720 vel
1012 3671 1120 3735 physico
1132 3669 1272 3724 inferioris

133 3738 228 3789 ordinis
239 3745 385 3797 statuerem,
397 3738 424 3787 in
433 3737 571 3803 Sophocle,
583 3740 698 3789 Homero
710 3745 736 3788 et
746 3738 804 3788 aliis
815 3737 930 3788 eiusdem
940 3738 991 3788 loci
1001 3739 1083 3802 poetis
1093 3752 1135 3788 res
1147 3738 1227 3790 aliter
1238 3755 1269 3792 ss

132 3805 224 3867 habet3
241 3821 266 3855 v.
285 3806 361 3856 modo
375 3809 415 3867 21,
430 3810 485 3857 153.
507 3807 575 3857 Hinc
590 3807 616 3856 la
632 3805 788 3857 lGronovii
799 3805 940 3856 mumanae
950 3807 1056 3868 acced03
1073 3805 1142 3870 quod
1152 3820 1217 3856 vero
1231 3810 1270 3859 ad

132 3873 228 3924 indices
244 3873 343 3933 attinet,
361 3872 483 3923 librorum
499 3889 575 3938 supra
591 3875 717 3926 dictorum
732 3873 829 3924 indices
846 3887 899 3922 non
910 3874 981 3924 leves
991 3873 1204 3937 interpolationes
1217 3889 1269 3926 ex·

132 3948 218 4004 penos
234 3955 289 3991 esse
306 3953 411 4004 censeo;
432 3941 509 3992 nimis
525 3951 585 3993 sunt
599 3942 648 3994 sibi
659 3941 755 3993 similes
766 3947 793 3992 et
804 3942 893 3991 eadem
904 3941 1010 3992 nomina
1020 3949 1152 3992 aucwmn
1163 3942 1268 3995 Roma·

133 4024 223 4059 norum
235 4016 260 4058 et
269 4017 432 4059 externorum
444 4009 540 4074 ubique
551 4013 642 4062 eodem
653 4009 742 4060 ordine
752 4015 893 4070 reeunsnt,
904 4010 975 4074 quod
986 4009 1014 4060 iu
1025 4008 1150 4058 indicibus
1161 4016 1269 4061 cetero·

132 4091 189 4126 rum
200 4075 332 4138 librorum,
344 4077 389 4127 ubi
404 4078 496 4128 similis
507 4077 666 4143 repetitionis
683 4091 743 4127 sera
759 4090 836 4128 cansa
846 4084 901 4127 erat
915 4083 945 4126 ut
960 4077 987 4127 in
1003 4076 1189 4140 geographicis,
1205 4093 1269 4132 non

133 4143 230 4194 factum
241 4159 296 4195 asse
311 4145 434 4196 videmus.
457 4147 497 4197 De
508 4147 653 4199 auctoribus
664 4144 769 4195 medicis
781 4145 808 4196 in
819 4144 889 4197 hisee
900 4143 970 4195 libris
983 4143 1086 4195 medicis
1098 4143 1176 4194 talem
1189 4160 1269 4212 repe-

133 4213 247 4260 titionem
260 4211 360 4262 facilius
372 4211 433 4264 iero.
454 4253 483 4263 -
505 4211 650 4276 pernitiones
661 4210 765 4274 decocta,
776 4213 810 4263 V.
831 4253 862 4263 ..
887 4211 1014 4273 emtore,
1026 4212 1057 4263 it.
1078 4251 1108 4260 -
1128 4210 1267 4276 tradidere,

137 4270 224 4328 GRV.
244 4275 401 4342 tradiderant,
414 4275 463 4342 ᾱβ.
