2896 4792
398 279 470 326 nra.
485 278 560 328 xxa
587 276 667 327 aar.
683 277 745 335 ,vm
760 276 836 327 vm.
864 273 962 327 auor.
979 274 1067 320 raa.
1224 257 1288 329 873

168 443 261 501 verto
281 431 340 497 tris
360 450 433 497 esse
454 426 657 515 principalis:
680 427 856 506 rubentem,
878 435 916 493 ut
936 424 971 492 in
992 446 1102 505 cocco,
1116 426 1215 511 quia
1234 448 1287 495 ro·

168 535 214 602 sis
234 534 394 622 migrante
414 529 520 619 gratia
541 528 653 616 [nihil]
675 527 812 595 trahitur
832 535 986 614 suspectu
1011 536 1046 594 et
1071 526 1107 593 in
1127 548 1289 613 purpurae

168 635 285 721 Tyrias
300 631 522 717 dibaphasque
540 651 578 696 ac
598 629 793 704 Laconicam
816 627 1066 714 amethystinum
1086 626 1143 712 qui
1164 650 1185 693 a
1205 627 1290 697 viola

168 747 201 802 et
228 736 300 821 ipse
331 733 366 799 in
401 753 600 818 purpureum
637 752 799 815 quemque
831 729 1010 796 ianthinum
1037 727 1287 816 appellavimuts

161 857 288 923 genera
313 832 398 900 enim
425 843 601 899 tractamus
632 831 667 896 in
693 831 817 917 species
843 829 960 897 multas
994 851 1065 896 sese
1092 827 1289 917 spargentia.
1352 842 1355 847 ’

167 937 297 1002 Tertius
319 944 384 1012 est,
407 935 462 1018 qui
483 934 613 1020 proprie
635 930 785 1021 conchyli
805 931 1014 1020 intellegitur,
1037 930 1146 997 multis
1167 929 1288 1009 modis3
1303 950 1335 994 ta

167 1059 251 1103 unus
271 1037 306 1100 in
320 1034 509 1120 heliotropio
531 1044 563 1100 et
584 1034 618 1099 in
639 1035 748 1118 aliquo
770 1056 812 1100 ex
832 1033 883 1100 his
900 1032 1090 1120 plerumque
1106 1030 1289 1110 saturatior,

166 1138 250 1203 alius
273 1137 309 1201 in
329 1136 436 1201 malva
462 1134 505 1199 ad
525 1156 703 1221 purpuram
724 1133 899 1212 inclinans,
932 1135 1014 1200 alius
1040 1134 1074 1198 in
1095 1133 1179 1199 viola
1201 1154 1290 1199 sero·

167 1239 244 1316 tina,
266 1236 504 1320 conchyliorum
522 1235 757 1323 vegetissimus.
778 1234 877 1300 Paria
897 1257 982 1301 nunc
1004 1244 1238 1321 componuntur
1258 1243 1291 1301 et

166 1350 282 1405 natura
302 1349 399 1422 atque
419 1337 549 1403 luxuria
571 1337 771 1424 depugnant.
796 1336 896 1403 Lutei
918 1337 1012 1403 video
1033 1336 1185 1404 honorem
1206 1337 1288 1403 anti-
1343 1353 1346 1357 '

166 1441 356 1524 quissimum
377 1439 411 1503 in
429 1437 628 1524 nuptialibus
653 1438 810 1504 flammeis
832 1448 934 1506 totum
952 1437 1082 1503 feminis
1100 1460 1289 1505 concessum

166 1552 199 1607 et
215 1540 363 1606 fortassis
384 1540 459 1605 ideo
479 1562 544 1604 non
560 1539 722 1605 numerari
738 1540 822 1606 inter
838 1539 1035 1626 principalis,
1057 1539 1119 1605 hoc
1147 1549 1196 1606 est
1210 1561 1289 1605 con-

166 1642 272 1707 munis
298 1642 442 1708 maribus
473 1663 513 1706 ac
539 1641 684 1719 leminis,
722 1641 875 1726 quoniam
907 1641 1043 1707 sociatus
1072 1641 1290 1726 principatum

166 1743 267 1808 dedit.

208 1844 260 1907 23.
282 1842 459 1932 Amaranto
480 1865 545 1907 non
567 1843 665 1910 dubie
686 1843 860 1920 vincimur3
891 1852 941 1909 est
968 1853 1077 1909 autem
1099 1842 1188 1928 spica
1209 1864 1287 1927 pur·
1304 1857 1334 1903 tt

166 1965 267 2028 purea
288 1943 397 2009 verius
417 1966 514 2028 quam
536 1943 595 2009 flos
615 1945 732 2029 aliquis
770 1955 803 2009 et
829 1944 901 2029 ipse
936 1943 1004 2010 sine
1025 1945 1133 2010 odore.
1166 1943 1289 2011 Mirum

164 2043 198 2107 in
230 2067 268 2110 eo
298 2045 439 2133 gaudere
462 2045 592 2131 decerpi
615 2055 647 2110 et
667 2045 782 2111 laetius
803 2045 938 2111 renasci.
962 2045 1116 2111 Provenit
1136 2046 1289 2134 Augusto

165 2167 285 2223 mense,
299 2145 396 2210 durat
410 2146 444 2210 in
459 2128 656 2212 autumnum.
679 2145 901 2212 Alexandrino
915 2147 1032 2232 palma,
1048 2147 1104 2231 qui
1118 2146 1288 2233 decerptus

165 2245 365 2323 adservatur,
387 2247 542 2330 mireque,
564 2258 736 2332 postquam
757 2248 906 2315 deiecere
928 2249 1035 2315 cuncti
1056 2246 1161 2328 liores,
1176 2249 1287 2317 made·

163 2342 375 2434 factus-aqua
394 2347 565 2412 revivescit
585 2357 617 2412 et
636 2346 788 2414 hibernas
808 2369 942 2415 coronas
963 2350 1049 2414 facit.
1073 2348 1208 2414 Summa
1227 2371 1286 2415 na·

165 2453 237 2508 tura
258 2444 328 2510 eiua
348 2445 383 2510 in
403 2446 532 2512 nomine
554 2457 613 2525 est,
636 2447 822 2533 appellatio,
842 2448 994 2532 quoniam
1015 2471 1080 2514 non
1100 2460 1286 2519 marcescat

163 2615 263 2664 micante
273 2615 365 2680 pratia,
377 2615 404 2667 tl.
430 2633 448 2666 a
463 2618 523 2668 rasis
534 2618 613 2668 micat.
633 2618 734 2671 Gratius
742 2636 783 2735 ,le
805 2636 822 2668 a
833 2619 894 2668 rosis
906 2619 978 2669 micat
986 2620 1091 2685 yratiuia
1101 2621 1203 2684 pratiua,
1214 2618 1239 2672 δ.
1261 2622 1286 2671 ia

163 2683 314 2733 roseata.
331 2681 477 2757 aarum.
498 2727 529 2735 -
552 2657 741 2748 nattavra’
786 2683 838 2751 ρβ.
865 2685 1025 2749 memnon.
1038 2701 1062 2752 γ.
1086 2689 1285 2752 agouumvs.

162 2766 218 2800 cem
231 2754 408 2803 restituendam
421 2754 523 2816 quidem
535 2755 605 2815 duxi,
618 2769 650 2804 na
662 2755 723 2819 quid
734 2756 841 2804 lectores
854 2755 1031 2816 desiderarent,
1044 2759 1112 2819 quod
1124 2758 1151 2806 in
1162 2758 1214 2805 hoc
1225 2757 1284 2807 loco

162 2819 321 2869 conclamata
337 2821 385 2884 ipsi
395 2822 474 2883 cedd.
490 2823 653 2885 praeberent3
675 2823 736 2885 quia
751 2828 837 2873 tamen
852 2823 925 2873 nullo
941 2825 1019 2873 modo
1036 2824 1060 2872 ei
1076 2825 1223 2874 coniectura
1239 2825 1285 2875 ali·

162 2887 255 2949 quain
272 2888 322 2937 hac
338 2903 401 2938 roae
416 2886 511 2939 inodori
526 2897 648 2953 poteram,
664 2890 736 2941 uncis
751 2891 851 2941 inclusi.
875 2931 906 2941 ..
934 2889 1045 2951 trahitur,
1061 2892 1146 2942 VTd.
1174 2888 1285 2952 madida,
1346 2916 1351 2921 ·

162 2949 287 3018 sstdpss.
306 2995 338 3005 ..
360 2963 468 3019 suspectu
479 2964 503 3004 et
513 2957 643 3019 imV'l'd.
668 2959 860 3022 surpecmetffl.
886 2966 995 3022 aspectus
1005 2965 1028 3008 et
1038 2957 1071 3020 ia,
1081 2973 1109 3024 y.
1136 2959 1287 3023 aapectuqui

161 3021 227 3082 etia,
239 3017 287 3071 ta.
314 3030 409 3086 aspectu
424 3031 447 3072 et
462 3023 494 3084 ia,
510 3021 539 3087 β.
565 3024 625 3075 anitii
638 3033 735 3089 aspectu
749 3024 973 3088 trahituriaia,K.
993 3066 1024 3077 ..
1048 3043 1171 3090 purpuras
1187 3025 1283 3093 lyn'ar,

160 3086 269 3152 avua
284 3106 395 3153 purpura
405 3091 502 3153 spiriac,
515 3094 539 3141 d.
559 3133 590 3142 -
608 3091 778 3158 dibaphasque,
790 3096 851 3146 RV.
874 3093 1021 3158 ditatusque,
1034 3097 1058 3145 d.
1080 3093 1221 3159 diphaaqae,
1232 3091 1282 3160 dp.

162 3194 193 3203 -
212 3170 249 3215 ae,
263 3148 318 3204 Vd.
336 3156 378 3218 ad,
390 3159 422 3207 R.
440 3167 490 3217 aut,
504 3155 574 3223 adp.
594 3201 626 3209 ..
644 3159 774 3223 Laconum,
787 3163 811 3211 d.
825 3203 857 3212 ..
875 3162 1063 3227 amethystum,
1074 3163 1111 3212 ita
1122 3179 1170 3214 nos
1182 3164 1282 3229 scripsi-

160 3236 225 3271 mus.
251 3221 414 3286 amethystum,
431 3226 514 3275 RVd.
541 3225 615 3275 alium
630 3228 777 3288 autethistoa,
794 3225 864 3294 adp.
891 3228 964 3280 alium
981 3230 1006 3278 ia
1021 3230 1158 3294 amethysto,
1174 3226 1226 3295 βγ.
1250 3270 1281 3281 .-

160 3287 331 3349 quia,RTd.
355 3305 424 3352 quae,
435 3292 469 3340 V.
492 3291 644 3357 qmaddp.
668 3291 794 3356 ocima.
814 3336 845 3346 ..
869 3296 939 3346 aicha.
962 3295 1079 3346 Traditur
1089 3304 1113 3344 et
1123 3297 1230 3360 ipra,K.
1250 3338 1281 3349 ..-

157 3370 327 3418 purpurarum,
339 3357 372 3406 V.
391 3398 422 3407 ...
441 3357 580 3420 ianthinum,
592 3363 618 3410 d.
635 3359 758 3423 lentinum,
770 3364 801 3412 R.
822 3358 993 3426 yacinthiaum
1006 3364 1040 3413 V.
1058 3362 1236 3426 iaoiuathinum
1252 3359 1280 3415 θ.
1350 3404 1353 3412 .

160 3463 191 3471 ..
210 3422 408 3488 appellavimus
421 3429 460 3476 27.
480 3425 645 3477 Coniecturae
656 3430 688 3478 de
699 3429 725 3479 h.
735 3430 752 3478 l.
765 3438 954 3493 proposuerunt
965 3431 1064 3490 Duae,
1077 3429 1183 3480 Salmas.
1197 3445 1279 3481 exerc.

159 3505 184 3553 p.
200 3496 254 3540 193.
267 3492 291 3540 h.
304 3491 343 3553 0.,
361 3494 393 3541 de
405 3493 465 3557 hyle
477 3509 502 3557 p.
515 3499 556 3544 93.
568 3510 592 3544 a.
603 3496 643 3555 Β.,
660 3498 693 3544 ad
704 3496 812 3546 Tertull.
824 3496 885 3560 pall.
898 3512 923 3560 p.
939 3502 1003 3557 185,
1020 3496 1133 3548 Gronov.
1146 3506 1172 3548 et
1183 3500 1280 3549 Ferrar.

159 3558 191 3607 da
202 3573 229 3608 re
240 3561 339 3609 vestiar.
352 3560 373 3609 1.
385 3576 410 3624 p.
426 3567 481 3611 148.
502 3602 532 3610 ..
552 3569 682 3611 tractamus
694 3562 727 3621 ia,
739 3577 790 3612 om.
803 3566 835 3614 R.
853 3604 885 3613 -
903 3561 990 3612 multas
1001 3563 1096 3626 species,
1108 3567 1132 3615 d.

192 3624 260 3684 §aa
285 3625 451 3692 iutelleyis,R.
470 3669 501 3678 ..
525 3627 734 3693 heliotrapo,RV.
755 3671 786 3680 ..
810 3628 1121 3693 iaaliquoeahth,RVd.
1148 3630 1279 3696 aliquanda

158 3692 250 3753 exilior,
266 3696 299 3743 K.
319 3736 349 3744 ..
377 3694 495 3756 Serrana,
511 3698 545 3747 K.
564 3738 595 3746 -
623 3697 789 3760 repetierimus,
804 3691 834 3748 θ.
861 3697 1015 3762 amatissimo,
1032 3695 1140 3760 ssvdss.
1159 3741 1190 3750 ..
1218 3716 1279 3749 com·

156 3768 275 3820 paauutur
287 3769 374 3810 natura
385 3771 456 3825 atqua
468 3762 564 3812 lunaria
576 3762 732 3827 depuyuaate,
745 3767 777 3815 K.
797 3807 828 3814 -
847 3773 1000 3825 numeratum,
1012 3767 1045 3817 K.
1075 3788 1077 3791 ·

192 3828 207 3887 §
220 3831 259 3877 47.
282 3827 424 3890 Amaranto,
436 3832 460 3880 R
476 3830 514 3892 (et
525 3834 599 3881 codd.
612 3833 663 3881 ind.
676 3834 701 3881 h.
714 3831 745 3894 l.)
768 3832 941 3893 Amaraathon,
954 3834 1008 3883 Vd.
1032 3832 1190 3894 Amaraatha,
1202 3849 1226 3897 ν.
1245 3875 1276 3885 -

150 3891 209 3953 flos,
223 3895 275 3949 Vd.
298 3893 360 3958 plus,
373 3898 404 3946 R.
424 3938 454 3946 ..
478 3898 574 3961 epam
594 3940 624 3948 -
643 3897 720 3949 odore.
738 3900 838 3962 Mirum,
851 3902 904 3951 Vd.
927 3900 1168 3957 athumodorem,lt.
1189 3943 1218 3951 -
1238 3901 1278 3953 de·

157 3960 239 4021 carpti,
251 3961 284 4010 V.
304 4000 334 4011 -
359 3963 474 4025 palmam,
490 3967 550 4016 RV.
571 4008 614 4045 ...ι
628 3966 816 4045 asriyaatur,ss.
836 4008 868 4017 .-
895 3967 1005 4031 mireque,
1019 3964 1155 4020 OVRTd.
1182 3969 1278 4019 mirum·
1363 3974 1365 3979 '

157 4022 700 4174 tattaataftuatttttt:
715 4036 1276 4167 art..t.trrttmaat.r

157 4167 246 4209 natura
256 4177 314 4224 erus,
326 4165 357 4214 R.
381 4164 480 4216 Summa
491 4165 541 4215 eius
551 4174 647 4227 natura,
658 4164 709 4232 βγ.
731 4172 771 4220 De
782 4179 871 4220 natura
883 4171 995 4221 Gronau.
1007 4185 1055 4221 nos
1071 4174 1177 4223 remittit
1187 4174 1220 4224 od
1231 4188 1277 4224 sua

156 4229 301 4280 adnutum
314 4235 354 4289 26,
369 4236 408 4283 10.
428 4275 458 4282 -
477 4233 502 4283 ia
513 4232 611 4296 aomina,
624 4238 648 4285 d.
669 4235 797 4300 innomine,
809 4238 871 4289 RV.
892 4278 921 4288 -
940 4237 1077 4301 appellatio,
1091 4241 1177 4293 [tva.
1194 4240 1276 4306 uppet-
