2896 4792
416 306 484 401 nra.
501 307 588 355 xvn.
617 308 696 355 ose.
712 307 800 356 xxu.
830 307 928 357 sacr.
943 311 975 354 ss.
1190 295 1251 359 115

130 481 173 525 na
200 467 394 545 praegravet
419 457 544 522 fructus
572 470 663 541 parte
692 459 809 543 aliqua,
837 457 942 523 obiter
961 457 1047 522 idem
1069 459 1251 544 deprimens

130 555 313 647 prohibebit
337 557 371 621 in
398 558 560 623 excelsum
588 558 734 625 emicare.
772 557 860 622 Huic
880 557 993 622 vineae
1015 557 1111 623 trium
1132 558 1252 644 pedum

131 658 267 724 altitudo
296 657 454 722 excelsior
480 667 581 735 nutat,
608 659 725 724 ceteris
752 681 772 722 a
798 657 920 742 quinto,
948 656 1026 722 dum
1054 681 1094 723 ne
1116 658 1253 723 excedat

130 758 270 826 bominis
296 757 529 843 longitudinem
555 757 681 822 iustam.
718 756 764 823 Iis
789 778 918 840 quoque
945 778 1027 840 quae
1057 770 1252 846 sparguntur
1266 775 1313 820 ras

130 860 165 924 in
186 871 271 925 terra
292 858 402 924 brevis
423 857 465 921 ad
485 858 686 922 innitendum
708 879 822 921 caveas
844 856 1053 934 circumdant,
1084 859 1252 926 scrobibus

131 982 191 1046 per
217 957 375 1023 ambitum
399 957 505 1035 factis,
535 979 575 1020 ne
592 956 672 1044 uagi
698 957 849 1042 palmites
869 955 953 1021 inter
975 978 1009 1020 se
1031 970 1176 1044 pugnent
1196 982 1251 1025 oc·

131 1070 309 1135 cursantes,
337 1057 500 1140 maiorque
528 1079 604 1141 pars
629 1067 786 1121 terrarum
811 1056 857 1120 ita
884 1055 1031 1140 supinam
1053 1058 1085 1121 in
1108 1059 1252 1124 tellurem

131 1157 326 1223 vindemiam
346 1157 449 1234 metit,
480 1157 637 1241 siquidem
659 1156 744 1220 etin
766 1155 881 1223 Africa
902 1156 989 1221 etin
1010 1151 1166 1244 Aegypto
1187 1159 1252 1245 Sy-

130 1257 243 1341 riaque
269 1278 307 1324 ac
336 1267 405 1320 tota
425 1256 506 1321 Asia
533 1268 566 1320 et
586 1256 695 1322 multis
715 1256 795 1321 locis
817 1256 969 1341 Europae
991 1257 1044 1322 hic
1064 1282 1134 1324 moa
1155 1260 1250 1345 praa-

132 1357 228 1423 valet.
262 1355 316 1420 Ibi
344 1378 422 1442 ergo
449 1357 539 1420 iuxta
568 1366 686 1420 terram
712 1355 869 1441 conprimi
896 1355 993 1420 debet
1020 1358 1105 1436 vitis,
1139 1361 1253 1424 eodem
1267 1373 1314 1418 rac

133 1457 228 1523 modo
261 1467 293 1521 et
325 1467 469 1541 temporo
501 1457 623 1520 nutrita
649 1456 758 1520 radice
785 1456 909 1539 quoin
935 1455 1047 1543 iugata
1074 1458 1183 1536 vinea,
1216 1470 1253 1524 ut

134 1578 262 1642 semper
283 1557 413 1642 pollices
435 1566 559 1621 tantum
582 1555 809 1639 relinquantur,
837 1554 931 1620 fertili
960 1556 1027 1620 solo
1054 1580 1127 1621 cum
1150 1558 1253 1624 tribua

132 1656 279 1742 gemmis,
301 1656 468 1742 graciliore
489 1656 575 1721 binis
581 1680 590 1732 ;
618 1665 823 1741 praestatque
844 1655 961 1720 multos
982 1677 1053 1721 esse
1071 1677 1168 1740 quam
1181 1658 1253 1722 lon·

133 1777 202 1842 gos.
225 1754 319 1836 Quae
341 1756 383 1820 de
404 1765 521 1820 natura
544 1755 602 1820 soli
624 1756 774 1832 diximus,
801 1765 889 1819 tanto
911 1756 1091 1841 potentiora
1113 1757 1253 1822 sentien-

134 1867 187 1920 tur
208 1866 327 1941 quanto
347 1857 479 1942 propior
499 1857 597 1921 fuerit
610 1879 674 1921 uva
689 1867 802 1921 terrae.
826 1852 956 1921 Genera
971 1856 1112 1942 separari
1134 1880 1171 1922 ac
1186 1857 1253 1922 sin·
1268 1868 1314 1914 1⁸7

133 1957 220 2047 gulis
234 1950 358 2021 conseri
379 1956 533 2021 tractibus
550 1957 765 2033 utilissimum,
784 2009 824 2020 ..
841 1957 980 2021 mixtura
997 1957 1081 2021 euim
1097 1979 1252 2055 generum

134 2057 230 2123 etiam
244 2057 279 2120 in'
293 2056 380 2134 vino,
401 2079 465 2121 non
486 2057 580 2122 modo
602 2056 635 2119 in
657 2067 762 2121 musto
777 2055 910 2134 discors,
926 2110 965 2119 ..
982 2067 1037 2120 aut
1052 2056 1079 2120 si
1093 2056 1252 2121 miscean-

134 2167 197 2235 tur,
219 2176 284 2222 ncn
305 2157 369 2222 alia
389 2178 486 2240 quam
508 2157 629 2240 pariter
649 2156 895 2221 maturescentia
914 2155 1005 2243 iungi
1025 2156 1251 2221 necessarium.

133 2257 218 2345 Iuga
239 2256 362 2334 altiora,
388 2279 452 2341 quo
473 2256 588 2321 laetior
609 2279 688 2342 ager
709 2266 741 2320 et
762 2278 826 2340 quo
847 2255 973 2341 planior
979 2280 988 2331 3
1015 2255 1094 2321 item
1115 2254 1252 2333 roscido,

133 2357 289 2422 nebuloso
309 2357 479 2440 minusque
500 2365 631 2421 ventoso
652 2355 858 2432 conveniunt,
881 2366 994 2420 contra
1015 2355 1161 2421 umiliora
1175 2378 1251 2440 gra-

135 2457 187 2522 cili
209 2467 241 2522 et
262 2455 353 2520 arido
376 2466 409 2521 et
429 2467 580 2521 aestuoso
600 2454 769 2536 ventisque
791 2453 948 2539 exposito.
981 2453 1065 2539 Iuga
1085 2456 1127 2519 ad
1149 2456 1251 2540 peda·

133 2568 276 2623 mentum
307 2578 404 2640 quam
436 2554 597 2619 artissimo
629 2553 714 2617 nodo
746 2553 860 2617 vinciri
893 2563 1029 2638 oportet,
1062 2555 1160 2619 vitem
1187 2554 1252 2618 levi

133 2657 299 2722 contineri.
327 2653 423 2736 Quae
444 2676 564 2741 genera
586 2652 699 2717 vitium
720 2662 754 2716 et
774 2652 808 2715 in
830 2651 917 2735 quali
940 2651 1007 2716 solo
1029 2653 1178 2734 caeloque
1200 2674 1251 2717 es·

135 2768 208 2822 sent
233 2756 440 2833 conserenda,
469 2777 542 2820 cum
569 2774 828 2819 enumeraremus
856 2761 989 2815 naturas
1018 2774 1128 2816 earum
1148 2763 1180 2816 et
1202 2753 1252 2817 vi-

133 2877 257 2932 norum,
287 2855 477 2919 notavimus.
511 2854 563 2919 De
584 2853 709 2936 reliquo
731 2853 820 2918 cultu
841 2850 1047 2917 vehementer
1067 2852 1251 2939 ambigitur.
1268 2867 1315 2911 rsa

133 2955 285 3038 Plerique
314 2965 437 3020 aestate
464 2964 530 3019 tota
550 2964 624 3040 post
645 2952 792 3038 singulos
813 2975 902 3017 rores
924 2952 1049 3016 confodi
1069 2951 1183 3017 iubent
1203 2953 1252 3018 vi-

133 3077 244 3129 neam;
273 3054 327 3118 alii
349 3064 460 3119 vetant
480 3065 713 3142 gemmantem
736 3052 843 3117 decuti
863 3051 948 3115 enim
963 3052 1072 3116 oculos
1087 3061 1253 3137 tractuque

134 3154 323 3220 intrantium
353 3154 454 3218 deteri
482 3164 514 3220 et
542 3155 583 3219 ob
611 3154 646 3217 id
673 3152 846 3218 arcendum
873 3151 987 3236 procul
1008 3174 1102 3216 omne
1124 3151 1253 3235 quidem

133 3276 234 3339 pecus
264 3255 321 3319 sed
343 3276 491 3318 maxume
511 3255 665 3331 lanatum,
689 3253 838 3337 quoniam
857 3250 1007 3317 facillime
1022 3252 1148 3317 auferat
1162 3275 1252 3336 gem-

134 3377 213 3419 mas.
235 3352 387 3419 Inimicos
410 3364 442 3419 et
462 3354 658 3438 pubescente
673 3375 737 3417 uva
750 3363 870 3417 rastros
887 3350 1027 3434 satisque
1042 3373 1112 3416 esse
1127 3353 1252 3417 vineam

135 3559 220 3620 altero,
232 3575 290 3622 quos
300 3559 386 3608 vinitor
397 3558 501 3608 indidem
512 3561 553 3608 vel
565 3558 653 3618 iudan,
664 3558 754 3607 Dalec.
777 3598 809 3605 -
833 3558 944 3620 emittere,
956 3576 979 3609 a.
1004 3600 1035 3608 ..
1058 3560 1131 3608 tnbua
1144 3558 1252 3622 pedibus,

135 3628 224 3676 Dalcc.
242 3667 274 3676 ..
293 3625 387 3685 iustam,
399 3629 444 3676 ad
463 3626 535 3687 iusto,
545 3622 574 3687 β.
593 3626 656 3674 iusto
667 3632 708 3684 eat,
720 3624 808 3674 Dalcc.

170 3695 255 3756 §lca
281 3692 337 3753 Ha,
349 3709 372 3743 a.
392 3734 422 3742 -
447 3694 573 3753 brevi,ad.
596 3733 627 3741 ..
650 3690 781 3752 uitandum,
795 3692 832 3740 d².
859 3691 1074 3752 imitandumadt
1100 3733 1129 3741 ..
1153 3706 1251 3750 cannas,

135 3760 214 3808 Hard.
232 3760 265 3809 V.
279 3758 424 3810 Schneider.
436 3762 469 3809 ad
482 3760 620 3810 Columell.
632 3758 666 3807 V.
681 3764 704 3819 o,
718 3763 756 3809 17.
771 3799 801 3806 -
820 3757 888 3817 asab,
900 3760 932 3809 K.
946 3801 977 3808 -
996 3758 1107 3819 tellurem,
1119 3775 1142 3807 a.
1162 3756 1251 3818 tellure,

135 3821 208 3889 ᾶβγ.
227 3867 258 3875 ..
276 3827 364 3882 metuit,
376 3830 420 3876 ad.
440 3867 471 3876 ..
488 3824 603 3889 siquidem
614 3833 644 3887 et,
657 3841 680 3874 a.
697 3824 819 3888 siquidem,
833 3826 885 3875 Τά.

170 3895 255 3956 §los
282 3893 425 3954 martimo.
438 3934 469 3942 ..
488 3901 613 3956 atnempr,
624 3893 714 3942 Dalec.
728 3933 759 3941 ..
778 3891 847 3950 bino,
858 3891 1252 3957 Dalec.,quodprobatSchnei·

136 3962 187 4008 der.
200 3961 217 4008 l.
230 3961 248 4008 l.
262 3961 321 4009 coll.
334 3959 472 4010 Columell.
486 3962 517 4010 de
529 3961 613 4010 arbor.
628 3967 667 4021 10,
680 3967 703 4010 3.
722 3959 805 4022 quino,
817 3956 908 4023 adssr.
928 4001 958 4009 ..
975 3958 1094 4023 proprior,
1106 3974 1130 4006 a.

170 4028 255 4089 §raa
285 4033 393 4086 amram,
405 4043 428 4077 a.
446 4068 478 4076 ..
497 4026 640 4091 cliaqaam,
652 4044 675 4077 a.
694 4026 784 4090 aliqua,
797 4030 834 4077 d¹.
851 4025 1025 4090 aliquaqaam,
1037 4028 1075 4074 (1².
1093 4066 1124 4074 -
1144 4023 1216 4090 luaps',
1229 4041 1252 4074 a.

136 4133 168 4141 ..
187 4100 210 4140 et
221 4100 335 4151 ooetaoso,
347 4109 370 4142 a
394 4101 418 4140 et
428 4093 533 4153 raticosa,
545 4095 575 4144 T.
598 4101 712 4155 aestuoso,
725 4090 797 4157 (ἱβγ.
816 4134 846 4142 -
870 4094 996 4156 certaque,
1009 4107 1031 4140 a
1054 4092 1135 4151 cento,
1147 4094 1201 4141 Td.
1221 4133 1251 4141 ..

137 4157 192 4217 leva
203 4175 225 4208 a.
245 4200 276 4208 ..
295 4159 490 4218 concinnasset.
508 4158 635 4221 aalma,
651 4154 708 4210 θΤ.
728 4161 844 4210 Ceterum
858 4176 880 4208 v.
896 4166 935 4214 14.
948 4166 980 4209 20
992 4173 1061 4221 seqq.

79 4268 89 4279 .
170 4227 254 4288 5188.
274 4226 560 4288 commaculasse.
580 4234 694 4289 metuque,
705 4222 734 4287 β.
1033 4291 1049 4321 ψ
