2896 4792
539 88 552 119 X

407 297 477 342 mn.
492 294 566 342 xm.
597 292 676 340 car.
692 290 768 338 vm.
797 288 895 337 onon.
910 247 994 334 aar.
1190 270 1253 335 881

72 438 88 461 ’
180 451 231 516 51.
263 446 480 536 Peregrinum
499 444 562 510 fuit
583 453 615 508 et
635 440 789 529 lepidium
795 464 805 516 ;
835 438 951 506 seritur
971 462 991 504 a
1011 437 1153 515 favonio,
1180 436 1254 503 dein
1269 453 1317 499 roo

137 573 212 616 cum
232 545 405 623 fruticavit,
426 545 518 610 iuxta
539 556 656 610 terram
677 540 883 630 praeciditur,
906 551 983 607 tnnc
1003 548 1157 606 runcatur
1174 549 1256 604 ster·

138 658 328 733 coraturqus
348 669 407 734 per
426 645 591 712 biennium
611 643 683 712 hoc.
704 642 823 709 Postea
843 641 957 708 iisdem
977 639 1146 707 fruticibus
1160 648 1256 704 utun·

138 761 201 828 tur,
224 749 251 816 si
272 771 336 815 non
358 746 491 814 saevitia
504 745 618 812 hiemis
632 745 791 833 ingravat,
811 742 941 828 qnando
955 739 1273 828 inpatientissimum

140 861 190 917 est
214 850 379 939 frigorum
415 846 494 913 Exit
515 857 548 914 et
568 847 603 912 in
630 844 801 912 cubitalem
828 842 1045 921 altitudinem,
1071 841 1155 909 foliis
1176 839 1258 906 lauri

139 951 196 1016 sed
217 950 357 1028 mollius;
378 971 457 1015 usus
478 949 549 1015 eius
569 970 634 1014 non
657 947 726 1013 sine
746 946 838 1012 lacte.

181 1053 233 1117 52.
256 1048 316 1118 Git
336 1051 492 1138 pistrinis,
515 1071 649 1117 anesum
670 1060 703 1115 et
724 1058 855 1114 anetum
876 1045 990 1113 culinis
1006 1055 1038 1112 et
1051 1042 1185 1110 medicis
1199 1052 1320 1136 ιιι-’167

138 1163 281 1233 scuntur,
305 1152 510 1238 sacopenium
532 1173 597 1238 quo
617 1150 702 1217 laser
722 1148 920 1216 adulteratur
939 1159 971 1215 et
989 1147 1096 1235 ipsum
1109 1145 1143 1210 in
1157 1143 1260 1211 hortis

137 1254 268 1337 quidem
291 1252 349 1319 sed
371 1252 549 1320 medicinae
570 1262 704 1318 tantum.

181 1356 232 1421 53.
262 1351 349 1421 Sunt
371 1353 528 1440 quaedam
551 1352 734 1420 comitantia
755 1351 889 1418 aliorum
912 1361 1020 1427 satus,
1041 1360 1078 1415 ut
1099 1368 1259 1436 papaver3

136 1476 276 1540 namque
309 1478 383 1521 cum
413 1455 556 1521 brassica
585 1454 702 1520 seritur
729 1475 767 1520 ac
792 1452 978 1540 porcillaca,
1010 1460 1260 1518 eternoacum

138 1555 274 1622 lactuca.
296 1556 477 1641 Papaveris
498 1554 593 1621 sativi
615 1555 677 1619 tria
697 1576 834 1644 genera:
858 1551 1031 1620 candidum
1046 1550 1138 1618 cuius
1152 1570 1261 1616 semen
1275 1565 1323 1613 irs

140 1668 258 1722 tostum
278 1657 312 1721 in
335 1656 476 1723 secunda
496 1677 607 1721 mensa
628 1678 702 1722 cum
724 1654 817 1722 melle
839 1653 926 1742 apud
946 1651 1260 1738 antiquosdabatnr;

140 1757 201 1822 hoc
222 1769 256 1822 et
277 1757 370 1841 panis
392 1757 504 1823 rustici
525 1768 653 1824 crustas
674 1756 890 1845 inspergitur,
918 1755 1035 1822 adfuso
1061 1776 1123 1821 ovo
1148 1752 1260 1819 inhae-

141 1878 233 1934 rens,
266 1854 323 1922 ubi
355 1856 540 1923 inferiorem
566 1868 709 1924 crustam
737 1858 847 1945 apium
874 1857 988 1944 gitque
1010 1853 1125 1922 cereali
1148 1874 1262 1940 sapore
1350 1838 1357 1861 '

141 1956 305 2023 condiunt.
332 1959 482 2024 Alterum
501 1981 606 2048 genus
628 1969 678 2025 est
698 1958 871 2047 papaveris
891 1956 1033 2048 nigrum,
1053 1957 1143 2023 cuius
1165 1976 1262 2042 scapo

139 2057 244 2124 inciso
265 2059 388 2125 lacteus
410 2080 507 2125 sucus
528 2059 697 2147 excipitur.
720 2058 868 2126 Tertium
889 2080 994 2146 genus
1014 2057 1132 2124 rhoean
1146 2065 1263 2123 vocant
1277 2071 1325 2119 roo

141 2153 271 2237 Graeci,
293 2158 328 2224 id
349 2160 451 2226 nostri
474 2161 644 2231 erraticum
650 2185 659 2239 3
682 2172 797 2250 sponte
817 2160 948 2246 quidem
968 2159 1073 2228 sedin
1087 2160 1173 2226 arvis
1189 2180 1262 2226 cum

139 2256 258 2326 hordeo
279 2282 430 2326 maxume
450 2263 608 2342 nascitur,
636 2285 751 2330 erucas
773 2262 896 2342 simile,
924 2262 1055 2330 cubitali
1082 2260 1262 2340 altitudine,
1305 2284 1317 2293 ·

139 2358 216 2426 flore
238 2359 310 2428 rufo
332 2372 364 2428 et
384 2362 532 2449 protinus
554 2361 700 2442 deciduo,
722 2364 808 2428 unde
830 2375 864 2430 et
884 2385 1001 2430 nomen
1023 2359 1192 2429 aGraecis
1206 2381 1262 2428 ac·

141 2459 236 2546 cepit.
271 2460 327 2528 De
347 2462 481 2548 reliquis
502 2463 676 2550 generibus
696 2463 867 2550 papaveris
889 2473 1005 2551 sponte
1026 2461 1188 2529 nascentis
1209 2461 1261 2528 di·

141 2581 251 2627 cemus
271 2561 307 2629 in
326 2564 505 2631 medicinae
526 2563 617 2643 loco;
640 2564 741 2631 fuisse
763 2574 870 2629 autem
890 2563 925 2627 in
946 2563 1068 2629 honore
1087 2563 1174 2649 apud
1192 2562 1261 2628 Ro·

140 2684 254 2729 manos
275 2685 403 2750 semper
429 2665 549 2733 indicio
571 2676 622 2732 est
642 2665 837 2751 Tarquinius
860 2661 1030 2751 Superbus
1069 2663 1126 2748 qui
1145 2663 1262 2753 legatis

174 2840 261 2901 §lta
287 2835 452 2902 lapideraad.
475 2838 590 2906 lapidari,
602 2853 625 2891 c.
643 2880 675 2891 ..
698 2853 758 2901 caru,
771 2853 821 2889 om.
835 2854 856 2889 c.
876 2879 908 2889 ..
918 2836 1087 2903 fructificavit.
1099 2851 1142 2887 ao.
1152 2835 1262 2900 sructr'fi-

142 2905 239 2967 caverit,
252 2907 276 2956 d.
297 2945 326 2954 -
352 2907 572 2970 tunc-biennium,
584 2923 635 2959 om.
648 2920 669 2958 6.
690 2947 719 2956 ..
736 2905 860 2972 sriyorum
872 2913 914 2967 sat,
926 2909 951 2957 d.
971 2947 1001 2956 ..
1020 2903 1146 2966 1166νί3611,
1157 2904 1190 2954 T.
1208 2903 1261 2954 lurt-

140 2972 206 3022 ribue
216 2971 266 3035 red,
277 2976 342 3024 aed.
364 2973 474 3035 laminis,
485 2971 514 3038 β.
533 2973 642 3038 burmia
653 2972 703 3038 aad,
714 2989 739 3040 r.
759 3014 790 3026 ..
808 2972 909 3038 mollius,
921 2975 1015 3027 Tacd.
1032 2970 1147 3034 mollibus,
1158 2967 1210 3036 βγ.
1229 3013 1260 3023 ..

140 3055 203 3102 usar,
215 3041 310 3092 Tacd.
328 3038 498 3107 aruaquassr.
867 3080 871 3087 .

173 3110 189 3172 6
203 3112 259 3160 167.
280 3107 331 3172 Git,
342 3109 379 3160 ita
390 3125 480 3162 ornnes
492 3111 565 3163 codd.
576 3112 610 3162 ad
622 3110 638 3173 ᾗ
651 3116 708 3162 168.
721 3111 785 3162 etin
795 3111 880 3162 indice
890 3110 949 3161 libri
958 3115 999 3160 20.
1021 3107 1078 3174 Gyi,
1086 3108 1184 3174 Appul.
1204 3107 1263 3172 Gip,

140 3189 183 3226 ac.
204 3175 268 3240 cyp,
281 3176 305 3225 d.
328 3175 396 3239 cira
407 3171 458 3241 βγ.
477 3217 509 3228 ..
530 3177 755 3244 pastriniadppul.
773 3178 975 3243 pr’atrinaa‚acd.
995 3218 1024 3228 ..
1048 3177 1261 3241 anaeam‚Appul.

142 3257 263 3303 canaam,
274 3254 319 3294 ae.
336 3242 467 3304 anamiim,
479 3245 503 3295 d.
520 3244 621 3305 misum,
632 3241 684 3310 βγ.
695 3286 727 3297 ..
746 3253 848 3308 anetum,
859 3246 904 3311 Ap
922 3247 958 3296 nb
975 3243 1093 3306 anethum,
1105 3240 1217 3309 acdssr.
1230 3285 1261 3294 ..

140 3307 297 3371 scamonium,
308 3311 374 3360 aed
401 3325 556 3373 mmpemam,
569 3311 669 3390 dppnl.
689 3352 721 3363 ..
742 3328 788 3375 quo
805 3312 870 3364 lara
880 3262 1040 3373 6116146616,
1056 3313 1153 3377 Appui
1172 3313 1261 3364 Omitt.

141 3372 256 3440 acdflr.
271 3377 359 3457 ‘Hanc
375 3391 435 3427 vero
451 3376 652 3428 observationem
662 3379 821 3443 Appuleium
837 3384 869 3432 de
886 3396 933 3432 sno
950 3380 1076 3432 addidisse
1093 3389 1119 3431 et
1129 3389 1263 3445 propterea

141 3458 216 3506 nego,
234 3459 295 3507 qma
310 3445 337 3494 in
349 3452 464 3495 extrema
474 3444 562 3509 silphii
574 3445 683 3506 raritate,
699 3449 769 3509 quod
779 3449 847 3498 Plin.
858 3449 909 3497 iam
923 3463 969 3498 sua
979 3455 1063 3498 aetate
1074 3448 1127 3498 iere
1138 3449 1262 3512 exstirpa

140 3519 195 3562 tum
208 3513 329 3577 queritur,
338 3512 458 3578 Appulei.
467 3513 567 3563 nullam
575 3513 645 3563 iilius
652 3512 787 3564 faciundae
795 3515 930 3566 mentionis
939 3529 1041 3566 causam
1051 3516 1148 3578 babuit,
1160 3525 1186 3566 et
1194 3517 1263 3580 quod

140 3577 209 3638 §tit
227 3594 290 3631 exce
322 3596 374 3641 ens,
391 3581 434 3631 ubi
450 3582 539 3632 eadem
556 3579 701 3632 referuntur
716 3579 1008 3643 (carintanorum.
1026 3579 1153 3634 dolabrae
1165 3581 1198 3634 δὲ
1209 3583 1264 3642 πᾶς

140 3642 210 3704 ὀπὸς
217 3644 294 3712 (alp
307 3647 353 3712 oo)
361 3645 415 3714 πρὸ
424 3647 474 3699 τοῦ
482 3645 663 3716 ξηρανθῆναι,
673 3645 829 3714 σαγαπήνου
836 3646 1026 3715 μιγνυμένου),
1036 3667 1133 3703 nornen
1143 3651 1266 3716 sacopenii

60 3762 66 3771 ,
142 3715 235 3776 omisit,
248 3724 386 3767 ceterarum
397 3718 542 3782 plantarum
553 3718 660 3767 nomina
671 3717 782 3768 retinuit.
805 3716 904 3778 Quodsi
915 3717 930 3778 5
944 3722 1000 3770 167.
1017 3728 1113 3770 tantam
1126 3720 1262 3785 sacopenio

141 3779 191 3830 hac
200 3782 266 3858 inre
277 3785 456 3852 anctoritatem
467 3785 604 3847 tribuisset,
616 3787 631 3850 5
643 3791 684 3836 46.
697 3799 753 3835 sam
765 3798 964 3837 commemorare
975 3787 1045 3838 haud
1056 3788 1218 3850 neglexisset
1229 3828 1261 3837 ..

141 3845 266 3924 meduana,
278 3866 301 3901 a.
315 3891 346 3900 ..
364 3867 401 3912 ac,
413 3852 477 3902 aed.
495 3859 530 3913 ct,
542 3853 575 3904 K.
594 3893 625 3904 ..
640 3849 831 3916 paraturam
841 3868 889 3905 nos
900 3854 1058 3920 scripsimus3
1073 3869 1097 3904 v.
1109 3856 1141 3904 ad
1155 3860 1262 3914 18186.

140 3912 268 3978 portrloco,
280 3920 345 3967 scd.
360 3917 495 3981 portiolam,
505 3915 557 3984 βγ.

175 3984 261 4044 §ltu
287 3983 410 4063 saurae.
429 4025 459 4035 ..
482 3985 604 4046 edebatur,
615 4003 635 4037 r.
654 4029 686 4039 ..
709 3987 957 4053 superposuerat.
977 4031 1008 4040 -
1027 3987 1150 4038 ommivel
1162 3987 1262 4051 mium,

141 4049 231 4100 Dalec.
245 4091 275 4100 ..
293 4057 382 4115 piique,
394 4054 459 4102 aed.
476 4051 580 4117 yithue,
590 4049 643 4119 βγ.
657 4096 688 4106 ..
707 4055 854 4120 exprimitur,
866 4058 899 4111 T.

175 4115 190 4177 ξ
206 4123 262 4169 169.
288 4116 385 4180 rhoean,
402 4121 474 4169 codd.
488 4120 594 4172 Salmas.
608 4136 691 4173 exerc.
703 4138 728 4187 p.
742 4130 800 4176 582.
812 4126 836 4176 b.
849 4125 880 4176 B.
904 4123 990 4190 rbycrr,
1003 4137 1039 4174 ac
1051 4121 1107 4186 (alii
1120 4126 1194 4176 codd.
1207 4123 1262 4178 Sal·

141 4184 230 4264 im).
244 4184 339 4252 thyras,
357 4186 381 4236 d.
408 4184 511 4248 rhoeam,
523 4188 630 4239 Barbar.
641 4183 693 4255 βγ.
719 4191 753 4242 V.
765 4193 897 4257 Theophr.
910 4191 1121 4256 lrist.plant.1X.
1135 4199 1175 4256 la,
1187 4200 1210 4244 4.
1231 4235 1260 4244 ..

140 4266 248 4317 tamnu,
260 4254 319 4306 aed
329 4251 416 4316 (codd.
429 4252 556 4319 Barbari).
574 4256 696 4321 mauric,
708 4272 729 4308 r.
747 4298 778 4310 -
797 4256 901 4310 ὀίσιπιω
912 4263 953 4324 80,
968 4264 1023 4312 les.
