2896 4792
470 308 541 355 ms.
555 308 632 356 xix.
661 307 744 377 ear..
755 309 779 354 1.
807 304 905 354 secr.
920 306 939 350 r.
1202 288 1265 354 235

142 481 215 527 nem
242 457 357 536 habet;
391 460 569 525 nervositas
600 460 653 525 filo
687 458 849 543 aequalior
883 479 985 543 paene
1018 478 1114 540 quam
1142 457 1268 523 araneis

143 560 358 643 tinnitusque,
388 583 460 625 cum
487 561 583 625 dente
612 560 711 626 libeat
732 559 889 645 experiri3
922 559 995 624 ideo
1023 559 1145 644 duplex
1171 581 1270 643 quam

142 660 258 728 ceteris
279 661 428 746 pretium.
455 660 521 727 Sed
536 661 697 747 Hispania
719 661 848 726 citerior
868 660 967 726 habet
988 660 1191 745 splendorem
1211 659 1268 725 lini
1283 678 1314 724 ιο

93 804 98 808 ·
142 762 352 848 praecipuum
373 763 532 841 torrentis,
554 763 588 827 in
609 784 673 847 quo
695 763 815 848 politur
836 773 962 841 natura,
984 762 1040 846 qui
1062 761 1164 827 adluit
1185 761 1268 826 Tar-

143 885 301 930 raconem.
325 861 372 928 Et
394 863 533 929 tenuitas
554 862 710 929 mirabilis
732 863 777 928 ibi
799 863 939 949 primum
955 862 1097 928 carbasis
1115 863 1270 949 repertis:

142 987 217 1033 nam
244 963 367 1030 dudum
394 987 435 1031 ex
461 965 573 1030 eadem
595 964 757 1052 Hispania
779 963 943 1030 Zoelicum
970 965 1058 1029 venit
1084 964 1119 1030 in
1140 964 1269 1029 Italiam

142 1066 249 1156 plagis
270 1066 493 1145 utilissimum3
528 1066 642 1133 civitas
673 1090 711 1134 ea
735 1064 915 1132 Callaeciae
938 1078 972 1131 et
992 1088 1112 1134 oceano
1133 1066 1267 1153 propin·

144 1190 217 1253 qua.
244 1167 305 1233 Est
327 1190 386 1233 sua
406 1168 521 1256 gloria
532 1179 565 1234 et
588 1167 737 1234 Cumano
757 1169 790 1233 in
815 1166 994 1254 Campania
1015 1168 1058 1233 ad
1078 1168 1215 1254 piscium
1237 1174 1271 1234 et

144 1272 254 1337 alitum
275 1281 439 1356 capturas3
467 1270 580 1335 eadem
601 1280 634 1335 et
660 1269 766 1358 plagis
788 1271 930 1334 materia.
965 1269 1080 1355 Neque
1102 1270 1187 1336 enim
1207 1268 1269 1334 mi-
1284 1285 1313 1331 11

144 1394 240 1439 nores
271 1371 396 1438 cunctis
427 1371 618 1437 animalibus
648 1370 785 1436 insidias
819 1393 915 1454 quam
942 1371 1179 1457 nobismetipsis
1204 1370 1270 1436 lino

33 1481 36 1492 '
144 1474 319 1549 tendimus3
344 1473 401 1538 sed
424 1471 590 1539 Cumanae
612 1473 729 1559 plagae
750 1472 922 1538 concidunt
942 1494 1051 1559 apros,
1082 1482 1188 1538 saetas
1210 1493 1271 1539 ceu

144 1597 203 1662 per
226 1573 305 1639 ferri
327 1574 429 1640 aciem
451 1574 594 1652 vincunt,
617 1574 819 1658 vidimusque
841 1573 907 1638 iam
928 1584 1037 1640 tantae
1052 1572 1217 1642 tenuitatis
1233 1584 1271 1640 ut

145 1676 275 1741 anulum
294 1675 433 1742 hominis
455 1699 529 1742 cum
550 1676 724 1763 epidromis
742 1676 924 1751 transirent,
944 1697 1009 1742 nno
1023 1686 1171 1762 portante
1186 1675 1270 1742 mul-

109 1858 112 1871 ,
146 1776 313 1843 titudinem
334 1798 399 1861 qua
422 1778 522 1844 saltus
537 1778 751 1865 cingerentur,
775 1834 815 1842 -
831 1800 892 1844 nec
913 1779 947 1843 id
968 1799 1119 1844 maxume
1140 1778 1270 1858 mirum,

147 1877 202 1943 sed
225 1877 352 1964 singula
372 1901 481 1944 earum
497 1880 634 1945 stamina
654 1891 791 1945 centeno
805 1879 1032 1968 quinquageno
1046 1880 1100 1945 filo
1115 1889 1271 1958 constare,

146 2034 185 2041 -
209 1978 293 2044 sicut
319 1981 417 2064 paulo
443 1993 517 2047 ante
539 1981 623 2047 Iulio
645 1981 743 2067 Lupo
770 1983 880 2066 quiin
901 1982 1105 2068 praefectura
1124 1979 1272 2069 Aegypti

145 2079 233 2146 obiit.
270 2080 434 2148 Mirantur
461 2084 523 2150 hoc
551 2083 738 2171 ignorantes
763 2083 797 2148 in
819 2084 979 2170 Aegyptii
1002 2083 1164 2168 quondam
1185 2081 1319 2169 regiam

146 2203 241 2266 quem
268 2182 417 2251 Amasim
445 2195 560 2251 vocant
589 2185 719 2250 thorace
750 2186 784 2250 in
809 2184 1009 2252 Rhodiorum
1036 2186 1143 2251 insula
1170 2182 1272 2250 Lindi

145 2282 320 2370 intemplo
342 2285 526 2365 Minervae,
549 2307 675 2351 coouxv
696 2286 759 2353 filis
783 2287 909 2373 singula
929 2287 983 2352 fila
1005 2297 1162 2364 constare,
1185 2284 1272 2370 quod

147 2407 181 2451 se
203 2386 387 2470 nuperrime
410 2399 578 2472 expertum
600 2388 709 2472 prodit
729 2387 903 2454 Mucianus
925 2400 981 2454 ter
994 2389 1117 2467 consul,
1142 2408 1272 2475 parvae

146 2506 210 2569 que
237 2486 303 2550 iam
327 2486 482 2571 reliquias
511 2489 580 2552 eius
607 2510 778 2574 superesse
807 2488 867 2554 hae
888 2488 1124 2574 experientium
1143 2488 1271 2553 iniuria.

147 2585 241 2651 Italia
262 2596 295 2650 et
315 2585 460 2675 Pelignis
482 2588 657 2654 etiamnum
678 2588 753 2654 linis
774 2587 926 2654 honorem
949 2590 1063 2668 habet,
1091 2590 1149 2655 sed
1174 2588 1270 2655 fullo·
1287 2607 1317 2652 ra

146 2709 223 2751 num
246 2697 370 2753 tantum
390 2690 424 2754 in
446 2713 524 2766 usu3
551 2690 672 2755 nullum
701 2702 750 2754 est
776 2691 943 2758 candidius
968 2692 1102 2758 lanaeve
1122 2689 1270 2770 similius,

146 2841 272 2905 mirabilis,
284 2844 381 2907 Appul.
406 2844 475 2907 mira,
488 2841 600 2911 acdssr.
624 2863 720 2912 mappa,
733 2864 752 2896 r.
772 2888 803 2897 -
822 2847 951 2909 carbaseis,
963 2850 1060 2912 Appul.
1080 2888 1111 2897 ..
1130 2853 1233 2910 reperta,
1245 2847 1270 2896 d.

147 2950 178 2959 ..
202 2926 265 2973 nant,
281 2913 335 2962 Ka.
362 2929 416 2974 aaa,
433 2910 555 2979 Tcdssr.
583 2916 615 2965 V.
633 2917 718 2966 Hand.
735 2916 845 2966 Tursell.
859 2922 883 2976 2,
896 2922 962 2978 302,
979 2917 1024 2980 qui
1039 2924 1083 2966 aut
1101 2915 1238 2965 lectionem
1255 2930 1271 2964 a

37 2992 49 3003 ·
145 2979 219 3029 nobis
231 2988 358 3044 receptam
370 2982 554 3033 restituendam
564 2992 609 3034 aut
621 2983 670 3033 iam
682 2982 770 3033 dadam
782 2985 941 3035 scribendum
951 2999 1007 3036 asse
1016 2991 1108 3035 censet
1122 3021 1153 3034 ..
1175 2977 1270 3032 Callae·

145 3044 205 3107 ciae,
217 3062 240 3095 v.
253 3051 285 3098 su
297 3055 338 3110 aa,
351 3056 392 3100 ae.
414 3048 540 3110 audirem,
556 3042 646 3103 Osco.
667 3050 867 3109 Galaesum.
888 3050 1036 3114 &luciae
1045 3067 1070 3117 γ.
1084 3092 1115 3101 -
1131 3049 1271 3116 propinqua

145 3121 187 3162 ert.
205 3112 267 3177 Sua,
280 3133 299 3165 r.
319 3157 350 3166 ..
369 3115 410 3176 ad,
422 3121 466 3168 ad.
484 3126 534 3180 eut,
547 3135 569 3170 c.
589 3161 620 3170 ..
638 3128 760 3184 capturas,
776 3112 875 3171 Orod.
893 3115 1111 3185 reptacaestir.

178 3184 246 3246 §IL
273 3184 383 3245 maiores,
396 3202 416 3234 r.
439 3227 470 3236 ..
499 3203 567 3249 quas,
580 3204 601 3238 e.
624 3229 655 3238 ..
679 3185 768 3237 sedati
781 3184 900 3237 Cumanas
933 3185 1003 3254 lapus
1020 3185 1144 3237 mucidum
1160 3185 1269 3252 apri,K.

146 3288 175 3300 ..
195 3257 276 3299 saetas
287 3268 328 3300 cca
337 3252 464 3315 perferri,
477 3254 513 3303 ita
524 3269 572 3304 nos
584 3255 737 3320 scripsimus.
755 3263 823 3304 aetas
834 3271 875 3306 ceu
882 3247 1000 3323 lssfffl,
1009 3257 1044 3307 D.
1062 3263 1130 3305 aetas
1139 3253 1270 3318 cevefani,

144 3333 166 3366 e.
184 3325 207 3365 et
218 3325 286 3366 aetas
298 3319 430 3381 caussari,
443 3337 466 3370 a.
489 3328 511 3369 et
522 3338 603 3372 atowe
606 3321 683 3385 ferri,
696 3323 749 3374 Td.
773 3321 802 3370 le
813 3331 836 3372 et
847 3323 911 3388 aspi,
922 3324 968 3376 N'.
987 3323 1038 3373 etde
1049 3337 1116 3373 casae
1127 3338 1168 3372 eree
1179 3320 1270 3387 asperi,
1305 3314 1314 3327 ⁵

144 3385 189 3434 Nl.
212 3394 234 3433 et
245 3384 272 3434 ti
282 3387 441 3450 eaasmserri,
453 3390 486 3439 Κ.
514 3396 537 3437 et
553 3388 599 3439 lae
615 3389 802 3453 cassesveserri,
813 3387 842 3451 β.
870 3398 893 3440 et
904 3390 932 3440 ti
942 3407 1020 3441 copes
1031 3389 1069 3440 vel
1072 3390 1150 3453 ferri,
1160 3392 1224 3444 Ulit.
1236 3391 1269 3442 ad

144 3452 216 3570 θέαι.
229 3469 318 3532 cyneg.
331 3461 380 3570 3l5,
393 3456 472 3506 Hard
485 3465 510 3508 et
521 3472 546 3522 γ.
567 3498 598 3507 -
616 3457 762 3519 convincunt,
774 3459 807 3510 Κ.
826 3498 857 3510 ...
876 3474 928 3523 pac,
941 3462 1005 3509 aed.
1022 3483 1054 3510 -·
1072 3456 1152 3508 sedin
1163 3455 1269 3524 rippale,

144 3536 159 3569 a
181 3537 299 3570 ‚semer
332 3539 380 3584 aa,
393 3539 414 3572 c.

178 3590 192 3652 ξ
206 3581 246 3638 li.
265 3539 372 3654 tloiycca
384 3598 444 3654 post
455 3592 481 3641 h.
493 3607 517 3640 r.
530 3582 653 3643 excidisse
665 3601 728 3656 puto
735 3592 820 3655 posita
833 3608 891 3644 cum
899 3595 997 3658 Appul.
1006 3582 1138 3646 lemtiona
1147 3595 1268 3646 saneela-

144 3656 213 3718 genti
231 3657 323 3706 dixerit
339 3675 406 3722 quem
423 3659 552 3708 Minervae
566 3659 654 3723 posuit,
671 3663 739 3724 quod
755 3661 859 3711 verbum
875 3663 970 3725 pariter
986 3663 1023 3714 ita
1033 3664 1127 3727 legitur
1139 3668 1182 3723 85,
1198 3669 1222 3712 4.
1239 3703 1265 3713 ..

143 3721 228 3786 Lindi,
240 3725 276 3773 ita
284 3725 360 3785 Pina,
372 3742 437 3790 qnae
449 3729 593 3776 coniectura
605 3729 705 3791 egregie
716 3730 879 3779 confirmatur
888 3744 932 3793 per
940 3731 1105 3794 Appuleium,
1115 3730 1159 3794 qni
1170 3737 1268 3781 munta

143 3794 330 3842 constructione
341 3793 435 3843 Lindos
447 3796 532 3845 habet.
552 3793 623 3856 teudi,
636 3797 728 3846 Tacd.
747 3793 845 3858 ostendi,
857 3791 907 3861 βγ.
921 3839 953 3847 ..
972 3797 1080 3848 eccam
1091 3796 1149 3848 LX
1153 3797 1177 3847 Γ
1179 3791 1200 3866 J,
1212 3798 1267 3862 Ap-

144 3877 195 3938 pul.
217 3872 343 3938 CCCLX,
356 3879 432 3929 Voss.
445 3879 541 3944 mythol.
554 3879 640 3944 Briefc
653 3888 677 3942 3,
689 3885 745 3932 297.
759 3897 792 3931 ex
804 3881 939 3933 Herodoto
951 3890 975 3944 3,
987 3887 1027 3934 47.
1046 3877 1104 3948 ἔχει
1115 3877 1269 3946 ἁρπεδόνας

143 3941 173 3990 ἐν
186 3941 279 4011 §werp
288 3943 445 4012 τριηκοσίας
459 3942 504 3996 καὶ
518 3943 659 4013 ἐξήκοντα.
684 3956 714 3998 g.
743 3964 768 3998 se
784 3949 919 4012 nuperrime
931 3957 1059 4016 expertum,
1071 3950 1170 4014 Appul.
1186 3965 1231 4014 per
1241 3965 1267 3999 rc

142 4009 271 4074 exemplam
283 4029 358 4076 reaper
370 4013 470 4075 Romae,
483 4032 505 4065 a.
524 4032 549 4064 se
561 4016 690 4080 exemplum
702 4033 776 4081 nuper
787 4017 888 4080 Romae,
902 4034 923 4068 c.
938 4034 984 4082 per
992 4015 1121 4080 exemplum
1131 4033 1206 4081 reaper
1215 4016 1266 4069 Ra-

142 4093 203 4139 mae,
216 4074 262 4130 θτ.
289 4081 417 4145 exemplum
430 4098 504 4144 nuper
515 4082 616 4145 Romae,
629 4087 683 4135 Τὰ.
710 4083 839 4148 exemplum
854 4102 900 4149 per
911 4102 937 4134 aa
948 4092 1069 4149 expertam
1080 4100 1154 4149 nuper
1166 4084 1265 4146 Romae,

142 4147 175 4196 Κ.
193 4163 218 4194 se
230 4156 348 4212 asperima
361 4166 435 4214 nuper
446 4149 547 4210 Ιίοπιαε,
558 4147 610 4215 fir.
630 4193 661 4203 ..
676 4151 766 4216 prodit,
778 4153 875 4217 Appul.
890 4151 1008 4216 prodidit,
1020 4147 1132 4217 acdssr.

142 4279 162 4329 Γ
175 4216 260 4333 §.1324
272 4218 353 4334 aelli.
374 4259 403 4267 ..
423 4216 540 4284 Palipais,
556 4211 638 4278 Cacd
650 4218 774 4285 (Appul.)
791 4219 919 4286 Pelipirris,
931 4215 960 4282 β.
979 4261 1009 4271 -
1034 4217 1099 4284 linis,
1110 4223 1155 4274 ed.
1178 4219 1265 4301 liniat

151 4296 222 4343 ‘ms
261 4299 313 4348 ppu
325 4321 331 4335 '
932 4316 948 4333 “’
