2896 4792
405 311 474 358 um.
491 311 593 359 xvnr.
622 310 702 358 aar.
717 311 781 358 xu.
812 309 910 359 sacr.
926 277 1031 355 sams
1196 293 1257 358 169

136 466 171 530 in
192 486 230 530 eo
257 463 351 529 fabae
377 485 441 529 non
469 484 568 548 supra
593 462 742 550 triginta3
775 462 853 527 lolia
878 461 1002 546 ampla,
1037 461 1161 527 fructus
1187 463 1259 546 ipse

137 587 266 632 amarus
288 575 320 630 et
341 564 453 643 odore,
483 565 541 630 sed
566 564 660 629 radix
686 585 842 650 perquam
862 564 951 628 lauta
971 563 1147 629 incolarum
1168 562 1259 640 cibis,

135 668 239 735 cruda
258 677 292 732 et
310 666 439 732 omnino
453 665 601 744 decocta,
623 664 841 731 harundinum
855 665 1017 730 radicibus
1037 663 1158 730 similis.
1191 661 1259 739 Na·

139 767 240 833 seitur
261 777 293 832 et
313 766 348 831 in
371 764 469 852 Syria
492 764 672 851 Ciliciaque
694 777 726 834 et
746 767 780 831 in
802 767 930 831 Torone
953 763 1157 833 Chalcidicas
1177 765 1261 831 lacu.

91 888 119 951 ’1
181 867 233 932 31.
266 866 320 932 Ex
340 867 558 957 leguminibus
583 879 692 934 autem
712 866 888 933 Novembri
915 871 1064 931 seruntur
1084 868 1153 932 lens
1175 874 1207 930 et
1227 863 1260 927 in
1277 882 1324 927 rsa

140 967 281 1036 Graecia
295 970 413 1056 pisum.
434 970 525 1036 Lens
539 980 625 1035 amat
647 969 750 1034 solum
772 979 866 1035 tenue
887 968 992 1055 magis
1012 990 1109 1053 quam
1130 968 1261 1055 pingue,

139 1070 264 1136 caelum
284 1070 396 1154 utique
419 1070 551 1136 siccum.
583 1070 661 1136 Duo
687 1093 809 1160 genera
835 1070 905 1136 eius
927 1068 1097 1158 Aegypto,
1127 1069 1262 1134 alterum

139 1171 310 1237 rotundius
336 1170 541 1260 nigriusque‚
572 1173 705 1237 alterum
732 1194 790 1237 sua
816 1171 938 1258 figura,
971 1172 1058 1238 unde
1085 1173 1173 1237 vario
1201 1193 1263 1235 usu

141 1273 329 1339 translatum
359 1284 409 1339 est
435 1274 468 1338 in
494 1273 664 1340 lenticulas
684 1295 811 1338 nomen.
843 1272 977 1339 Invenio
1003 1273 1090 1359 apud
1118 1284 1264 1337 auctores

140 1374 423 1458 aequanimitatem
447 1374 519 1440 flori
547 1375 752 1443 vescentibus
779 1397 827 1439 ea.
853 1374 967 1439 Pisum
994 1375 1028 1438 in
1056 1374 1174 1460 apricis
1201 1373 1265 1438 seri

141 1474 237 1541 debet
263 1476 419 1562 frigorum
446 1475 766 1563 inpatientissimum
802 1475 875 1540 ideo
901 1476 936 1541 in
963 1475 1057 1540 Italia
1084 1487 1116 1539 et
1143 1475 1178 1538 in
1205 1495 1264 1539 au·

142 1575 274 1642 steriore
300 1578 387 1643 eaelo
414 1601 478 1642 non
508 1578 571 1644 nisi
598 1600 698 1643 verno
720 1577 879 1663 tempore,
909 1586 995 1642 terra
1017 1575 1121 1654 sacili,
1151 1576 1264 1640 soluta.

184 1676 236 1743 32.
266 1675 391 1744 Ciceris
417 1690 533 1744 natura
560 1690 609 1744 est
630 1679 721 1767 gigni
743 1701 817 1743 eum
839 1677 1039 1765 salsilagine3
1067 1677 1140 1742 ideo
1163 1676 1329 1741 salumias

143 1778 209 1843 urit
228 1800 289 1844 nec
310 1780 374 1846 nisi
394 1781 612 1846 madefactum
633 1780 738 1867 pridie
760 1780 824 1846 seri
839 1778 944 1845 debet.
967 1779 1178 1845 Differentiae
1192 1778 1266 1864 plu·

142 1901 212 1957 res,
240 1881 479 1968 magnitudine,
509 1881 631 1959 colore,
652 1881 773 1970 figura,
797 1903 911 1967 sapore
918 1904 927 1958 ;
956 1890 1007 1946 est
1027 1880 1112 1945 enim
1133 1879 1267 1944 arietino

143 1980 244 2066 capiti
266 1981 385 2060 simile,
415 1983 501 2048 unde
522 1984 568 2048 ita
590 1983 769 2069 appellant,
796 1983 905 2048 album
926 1982 1136 2069 nigrumque,
1165 1991 1213 2046 est
1235 1994 1268 2046 ct

143 2083 360 2149 columbinum
388 2084 474 2168 quod
504 2084 557 2149 alii
583 2084 759 2151 Venerium
787 2084 967 2171 appellant,
997 2083 1185 2162 candidum,
1215 2104 1268 2147 ro·

146 2184 295 2263 tandum,
323 2186 414 2266 leve,
447 2186 581 2252 arietino
602 2187 723 2265 minus,
750 2187 838 2270 quod
864 2187 977 2276 religio
1004 2185 1183 2274 pervigiliis
1210 2182 1269 2248 ad·

145 2282 242 2351 bibet.
276 2284 338 2352 Est
366 2297 397 2353 et
418 2287 576 2354 cicercula
597 2288 713 2352 minuti
736 2288 866 2366 ciceris,
892 2289 1087 2373 inaequalis,
1110 2286 1269 2376 angulosi,

146 2386 245 2451 veluti
271 2386 396 2473 pisum,
428 2388 648 2454 dulcissimum
670 2400 778 2454 autem
804 2390 838 2453 id
860 2389 947 2475 quod
967 2413 1043 2456 ervo
1065 2389 1269 2466 simillimum,

145 2487 334 2571 firmiusque
354 2490 442 2574 quod
464 2490 593 2578 nigrum
620 2501 652 2555 et
674 2491 780 2555 rufum
802 2512 899 2575 quam
920 2490 1009 2574 quod
1029 2490 1147 2555 album.

189 2588 241 2652 33.
266 2585 410 2672 Siliquae
432 2591 589 2656 rotundae
611 2590 722 2669 ciceri,
747 2592 863 2656 ceteris
881 2590 1080 2677 leguminum
1100 2592 1216 2678 longae
1238 2599 1271 2655 et
1287 2603 1334 2647 12⁵

146 2689 189 2752 ad
208 2688 346 2776 figuram
368 2691 498 2757 seminis
518 2693 617 2769 latae,
640 2693 711 2778 piso
731 2691 945 2777 cylindratae3
968 2691 1183 2778 phasiolorum
1198 2711 1272 2755 cum

146 2789 227 2874 ipsis
259 2790 414 2856 mandunt
439 2792 561 2880 granis.
603 2791 718 2858 Serere
746 2815 800 2858 eos
827 2814 891 2876 qua
918 2792 998 2857 velis
1028 2801 1113 2855 terra
1132 2790 1209 2854 licet
1230 2787 1271 2854 ab

89 2944 91 2949 ⁴
140 2889 253 2991 *idibus
283 2888 433 2958 Octobris
467 2893 500 2957 in
537 2893 692 2959 kalendas
724 2874 926 2960 Novembris.
973 2890 1158 2981 Legumina
1199 2913 1273 2956 cum

148 3062 291 3115 referentes.
311 3106 342 3114 ..
361 3066 499 3129 papaveris,
511 3069 590 3118 Turn.
603 3076 629 3118 et
640 3068 760 3119 Schneid.
780 3066 906 3131 papaveri,
919 3063 1012 3133 adssr.
1037 3108 1067 3117 ..
1096 3066 1201 3132 alpiam
1213 3065 1270 3118 Sal-

148 3146 210 3181 mas.
220 3147 253 3182 ex
261 3132 403 3197 Theophr.:
412 3129 557 3199 πλῆθοςδὲ
567 3131 721 3185 οἱπλεῖστοι
731 3133 881 3202 τριάκοντα.
901 3136 998 3196 arbeae,
1008 3137 1045 3184 ad
1054 3132 1142 3197 (codd.
1149 3132 1272 3197 Salmas.)

150 3198 260 3260 tricenae
271 3195 324 3262 βγ.
347 3241 379 3250 ..
408 3200 528 3264 moderas,
539 3205 629 3253 Dalec.
652 3204 719 3253 Mihi
730 3205 815 3268 potius
826 3219 932 3263 amana,
943 3203 994 3252 siae
1006 3202 1076 3252 odore
1087 3204 1224 3266 legendum
1236 3203 1273 3251 vi·

149 3269 229 3316 detur.
248 3307 280 3316 ..
299 3265 357 3328 lata
370 3271 414 3319 ad.
435 3310 466 3319 -
488 3270 581 3320 omnino
590 3269 693 3330 decocta,
706 3287 729 3321 a
753 3269 1043 3333 omnimodcmcta,'1'd.
1061 3311 1093 3321 ..
1120 3267 1274 3330 Chalcidicas,

149 3335 185 3382 ita
195 3348 243 3384 nos
255 3334 399 3398 scripsimus
411 3352 445 3387 ex
456 3339 586 3402 Theophr.
598 3339 616 3388 l.
628 3339 646 3387 l.
659 3338 706 3388 IV.
720 3346 744 3400 8,
756 3346 780 3390 8.
801 3336 930 3399 Chalcidis,
941 3332 1035 3402 adssr.

183 3399 269 3461 5123.
295 3409 373 3450 aaran
384 3413 596 3466 maereseraatsr,
609 3422 632 3455 a.
650 3412 762 3455 autumno
773 3421 826 3454 vere
837 3413 954 3468 amatur,
966 3399 1047 3455 ord.
1065 3412 1171 3454 autemus
1183 3419 1274 3453 acmen

148 3475 259 3517 sanatur
275 3470 313 3519 vel
330 3478 441 3520 autumno
452 3489 507 3520 aero
517 3481 634 3535 seruatur,
647 3474 720 3523 codd.
732 3474 812 3523 Turn.
838 3480 1055 3534 autamacetvere,
1067 3473 1145 3524 Hera.
1170 3514 1201 3522 ..
1224 3470 1274 3520 lens

150 3536 174 3584 ia
189 3535 295 3587 Graecia
307 3537 425 3600 apuam,
436 3540 471 3589 K.
489 3581 520 3590 ..
543 3539 662 3605 Aeqpptq
674 3544 738 3592 adr.
761 3539 786 3588 ia
798 3538 915 3605 Aeyypta
927 3536 979 3604 βγ.
999 3580 1029 3590 ..
1055 3547 1181 3600 amtorem,
1193 3555 1216 3590 a
1241 3580 1272 3588 ..

149 3601 234 3664 soluta,
246 3607 291 3654 ad.
309 3622 339 3653 ae
349 3604 434 3666 solata,
446 3603 498 3672 βγ.

184 3670 269 3731 5124.
295 3672 526 3738 oolarefianaad.
545 3675 641 3738 sipara,
654 3675 737 3736 colare,
748 3671 800 3739 βγ.
820 3716 850 3725 -
878 3673 1016 3739 capitqad.
1036 3717 1067 3726 ..
1089 3674 1217 3735 similiad.
1240 3710 1271 3722 ..

150 3738 339 3802 appellantes.
365 3740 546 3805 appellatar‚K
559 3741 645 3806 (codd.
659 3740 729 3804 Gal.)
740 3739 769 3804 β.
793 3784 824 3793 ..
852 3741 938 3804 album,
951 3745 987 3793 ad
1004 3740 1090 3804 (codd.
1103 3738 1174 3803 cel.)
1201 3748 1236 3788 es!
1251 3746 1275 3788 el

150 3804 237 3866 albam,
249 3809 282 3858 Κ.
303 3849 332 3856 ..
356 3808 584 3873 orobiaumfflalee.
603 3852 634 3860 -
657 3808 788 3875 appellant,
804 3804 883 3861 ore.
908 3808 1127 3872 vocant‚d(codd.
1140 3803 1272 3872 Geldflr.

150 3882 223 3990 {aad
234 3873 370 3936 candidam,
382 3877 472 3928 Dalee.
491 3919 522 3927 -
541 3878 664 3939 arandae,
676 3895 699 3929 a.
718 3877 791 3927 arieti
803 3893 857 3939 noa,
869 3881 893 3928 d.
913 3918 944 3927 ..
968 3877 1106 3941 inaequales
1117 3873 1218 3940 aepulas
1229 3873 1273 3923 lsa-

205 3958 243 4001 ,r.
263 3983 294 3991 -
313 3959 361 4005 ero,
373 3959 396 3993 a.

109 4044 117 4058 .
185 4012 270 4072 5125.
298 4008 444 4074 lapeleiam,
461 4028 477 4061 a
493 4009 580 4073 (codd.
597 4012 663 4073 Gal,
681 4014 783 4063 Thuan.
802 4028 841 4076 ap.
860 4012 967 4064 Salmas.
981 4025 1064 4061 exerc.
1081 4026 1106 4074 p.
1121 4013 1177 4062 ⁷24.
1190 4011 1213 4060 b
1226 4008 1274 4072 Α.)

151 4074 313 4139 lepamiaibus,
326 4078 381 4127 Τὰ.
401 4119 431 4126 -
450 4077 608 4142 cylindrum,
623 4073 837 4143 OTdCI'buan.)
859 4078 1003 4138 eiliadratie,
1016 4095 1039 4127 a.
1062 4071 1274 4142 cyliadraeeae,ss.
1299 4095 1301 4098 ·

152 4183 183 4192 ..
199 4143 364 4207 passiolorum,
377 4147 421 4195 ad.
431 4143 590 4207 fossolana,
601 4142 654 4210 βγ.
674 4188 705 4196 ..
723 4147 849 4208 mandant,
863 4140 926 4197 02².
945 4143 1093 4206 rnaadacerst,
1105 4147 1141 4196 a¹.
1159 4141 1275 4194 mandan-

152 4209 405 4340 tur,bq⁶(T2uan.)y.
433 4211 585 4275 mandantur,
596 4209 626 4274 β.
652 4212 906 4276 maadaeaatDslec.
931 4254 962 4262 ..
990 4211 1139 4276 Novembris,
1150 4214 1196 4264 ad.
1223 4210 1275 4266 Na-

152 4293 200 4327 uem
254 4312 262 4338 ‚
300 4292 325 4342 γ.
