2896 4792
338 289 409 335 nm.
423 287 499 334 xvr.
530 285 608 333 ose.
624 285 831 332 xci-xum.
858 282 957 331 sacr.
971 285 1054 328 mne.
1215 264 1256 328 59

80 520 83 524 Δ
138 441 302 527 digerunt.
333 437 446 514 Pinus,
477 436 598 523 piceae,
625 434 690 499 alni
716 435 935 518 adaquatum
957 433 1180 498 ductusintus
1202 454 1256 497 ca·

139 549 265 618 vantur,
287 538 422 605 obrutae
444 547 530 602 terra
550 535 708 622 plurumis
729 536 846 600 durant
859 533 970 610 annis3
993 535 1125 599 eaedem
1144 533 1171 598 si
1193 553 1258 596 non

140 650 290 728 tegantur
309 639 375 705 cito
397 648 582 715 senescunt,
609 636 726 701 mirum
745 636 780 700 in
800 635 931 701 modum
951 635 1097 700 fortiores
1119 635 1146 699 si
1167 652 1261 697 umor

141 752 235 806 extra
257 761 385 825 quoque
407 738 557 825 supersit.

183 841 246 906 aa·
261 839 463 905 Firmissima
482 839 518 902 in
538 847 662 902 rectum
683 836 788 914 abies3
812 836 924 903 eadem
944 836 1108 900 valvarum
1128 831 1259 921 paginis
1273 851 1322 898 aas

142 951 175 1005 et
188 940 230 1004 ad
244 961 464 1025 quaecumque
473 938 572 1004 libeat
581 937 733 1003 intestina
743 960 842 1023 opera
852 937 1029 1022 aptissima,
1042 936 1110 1001 sive
1122 932 1261 1011 Graeco,

143 1043 212 1108 sive
235 1039 413 1127 Campano,
442 1040 510 1105 sive
533 1037 643 1104 Siculo
663 1038 802 1104 fabricae
824 1037 904 1103 artis
925 1060 1044 1124 genere
1066 1036 1260 1123 spectabilis,

143 1152 362 1208 ramentorum
383 1140 536 1219 crinibus,
558 1139 743 1226 pampinato
765 1161 892 1225 semper
912 1139 990 1205 orbe
1011 1161 1046 1204 se
1067 1139 1199 1203 volvens
1220 1136 1262 1202 ad

143 1243 292 1309 incitatos
311 1242 465 1309 runcinae
486 1251 607 1327 raptus.
629 1240 753 1306 Eadem
774 1253 807 1306 et
828 1240 975 1305 curribus
996 1262 1144 1304 maxume
1160 1238 1262 1304 socia-

42 1373 48 1383 ’
145 1345 220 1412 bilis
240 1343 364 1430 glutino
384 1343 420 1407 in
440 1354 565 1407 tantum
585 1353 622 1406 ut
642 1341 783 1405 findatur
803 1352 876 1406 ante
898 1362 962 1424 qua
983 1342 1085 1407 solida
1106 1352 1165 1406 est.

188 1443 321 1510 XLIII.
342 1444 394 1509 83.
415 1442 540 1532 Magna
561 1453 670 1508 autem
691 1452 723 1507 et
742 1440 860 1529 glutini
881 1441 963 1506 ratio
983 1453 1116 1527 propter
1130 1463 1264 1525 eaquae
1277 1455 1326 1503 aas

147 1545 310 1612 sectilibus
330 1544 446 1610 lamnis
468 1567 505 1609 ac
526 1544 560 1608 in
581 1544 644 1608 alio
666 1566 784 1630 genere
798 1542 997 1627 operiuntur.
1020 1539 1217 1606 Stamineam
1230 1540 1266 1605 in

146 1645 206 1712 hoc
227 1669 291 1712 usu
310 1645 448 1733 probant
468 1667 582 1710 venam
603 1655 636 1709 et
658 1653 774 1709 vocant
796 1644 953 1709 leruleam
974 1654 1161 1729 argumento
1176 1640 1266 1707 simi·

146 1747 301 1827 litudinis,
323 1747 475 1833 quoniam
494 1746 646 1811 lacunosa
667 1756 698 1810 et
720 1745 836 1831 crispa.
858 1744 898 1808 In
919 1744 1006 1809 omni
1027 1766 1146 1830 genere
1166 1741 1266 1831 gluti·

148 1872 227 1914 num
247 1848 398 1914 abdicant
418 1848 576 1932 quaedam
605 1857 638 1911 et
666 1845 751 1911 inter
772 1868 806 1911 se
828 1856 861 1914 et
882 1868 957 1910 cum
977 1844 1048 1910 aliis
1069 1842 1269 1910 insociabilia

149 1948 287 2033 glutino,
313 1948 397 2013 sicut
416 1947 531 2024 robur,
560 1969 621 2012 nec
642 1948 709 2011 fere
731 1947 904 2012 cohaerent
923 1947 985 2011 nisi
1007 1947 1123 2011 similia
1141 1955 1267 2022 natura,

149 2059 186 2113 ut
206 2047 235 2113 si
256 2047 329 2132 quis
355 2049 495 2134 lapidem
521 2047 707 2135 lignumque
733 2047 908 2133 coniungit.
946 2044 1092 2112 Cornum
1117 2064 1266 2109 maxume
1281 2059 1329 2106 aar

56 2184 59 2189 <
150 2148 220 2213 odit
241 2147 366 2227 sorbus,
388 2148 550 2233 carpinus,
572 2148 688 2225 buxus,
710 2159 823 2234 postea
844 2148 922 2212 tilia.
956 2145 1157 2231 Cuicumque
1179 2143 1269 2231 operi

152 2248 259 2315 facilia
284 2249 405 2316 flexilia
430 2250 537 2314 omnia
558 2272 641 2333 quae
661 2251 749 2316 lenta
769 2249 920 2327 diximus,
950 2260 1139 2334 praeterque
1160 2266 1269 2311 morus

152 2359 185 2414 et
206 2349 386 2435 caprificus.
408 2349 581 2416 Serrabilia
601 2372 640 2414 ac
661 2349 782 2415 sectilia
801 2372 883 2433 quae
897 2350 1020 2415 modice
1033 2347 1158 2424 umida3
1181 2346 1271 2412 arida

154 2449 238 2514 enim
259 2450 356 2516 latius
375 2472 473 2535 quam
494 2460 580 2516 teras
602 2451 730 2529 cedunt,
752 2451 868 2516 viridia
888 2461 1016 2536 praeter
1036 2449 1135 2515 robur
1155 2458 1188 2512 et
1208 2446 1269 2512 bu·
1320 2497 1322 2504 .

154 2688 261 2740 Salmas
278 2704 360 2740 exerc
381 2705 406 2753 p.
420 2695 476 2741 728.
493 2707 516 2740 a.
528 2686 576 2750 D.)
593 2688 753 2750 runcinarum,
768 2684 798 2750 β.
820 2729 845 2737 ..
867 2697 891 2736 et
905 2688 989 2748 canu,
1002 2704 1026 2737 a.
1053 2684 1162 2746 scania
1174 2688 1198 2736 d.
1216 2701 1270 2734 cur-

154 2754 223 2817 ralis,
241 2759 273 2806 r¹.
296 2755 440 2818 ortalibus,
455 2759 488 2807 r².
511 2755 627 2816 curris,
644 2757 746 2806 Thuan.
762 2772 803 2820 ap.
821 2756 942 2816 Salmas,
959 2756 1003 2818 qui
1019 2763 1042 2803 et
1050 2753 1136 2819 subrui
1150 2754 1220 2816 legit.
1240 2791 1268 2802 ..

155 2821 271 2940 qoqogila
283 2827 307 2874 d.
326 2864 358 2873 ..
374 2823 485 2888 quana,
496 2842 520 2875 a.
539 2865 570 2873 ..
581 2822 719 2886 findantur,
731 2839 755 2872 a.
769 2863 800 2873 ..
819 2838 876 2886 qua,
888 2826 912 2874 d
930 2838 1009 2886 quam,
1024 2815 1075 2872 Oa.
1092 2822 1126 2871 V.
1139 2820 1271 2884 Theophr.

168 2925 175 2938 .
198 2926 204 2939 .
244 2897 289 2952 .c‚
302 2897 326 2940 a.

189 2955 275 3017 5226.
296 2956 431 3022 glutinatio,
446 2951 544 3010 OTad.
570 2959 736 3011 Scribendum
752 2960 853 3008 videtur
862 2955 1000 3022 plumandi
1009 2957 1079 3005 ratio.
1102 2955 1185 3004 Index
1195 2953 1272 3004 huius

155 3023 222 3074 libri:
245 3025 288 3074 De
299 3023 444 3089 glutinanda
454 3025 562 3075 mauric.
580 3066 611 3075 ..
630 3033 680 3086 aul,
696 3027 784 3076 Dalec.
797 3035 822 3076 et
832 3027 916 3076 Hand.
929 3025 1038 3074 Turscll.
1052 3031 1075 3085 l,
1087 3029 1145 3072 456.
1163 3063 1196 3071 -
1214 3020 1272 3071 Sa-

155 3089 242 3152 miaea,
251 3094 275 3142 d.
289 3131 321 3140 ..
338 3091 421 3152 inias,
431 3095 455 3143 d
472 3092 522 3152 loc,
534 3110 558 3143 a.
569 3135 601 3143 -
612 3092 742 3155 saulem,
750 3110 770 3144 r.
801 3093 926 3153 canaan,
935 3094 973 3140 ad
985 3089 1100 3152 (Thuan.
1113 3105 1154 3154 ap.
1164 3089 1272 3140 Salmas.

156 3173 240 3209 exerc.
252 3174 277 3222 p.
290 3165 348 3209 296.
359 3161 383 3210 b.
396 3157 439 3222 O.)
456 3159 590 3222 sertileam,
602 3162 634 3210 T.
644 3160 761 3224 fertilem,
795 3197 801 3210 .
811 3159 972 3224 ferulaceam,
983 3161 1055 3208 Brot
1067 3173 1091 3221 γ.
1111 3198 1142 3206 -
1161 3155 1274 3205 bernosa

156 3232 187 3286 et,
199 3241 239 3275 ar.
263 3224 379 3288 horama,
391 3231 415 3277 d.
439 3226 555 3289 lacunosa,
570 3220 627 3277 OT.
651 3225 780 3289 lacrimose,
791 3229 896 3279 Barbar.
907 3221 937 3288 β.
961 3225 1078 3286 heloisae,
1089 3226 1169 3275 Hard.
1188 3264 1219 3273 ..
1241 3221 1274 3272 In

155 3291 222 3341 amai
233 3308 329 3358 qaaere,
346 3295 410 3344 haec
425 3297 459 3344 ad
474 3296 560 3358 priora
573 3294 686 3345 referunt
697 3296 776 3344 Hard.
787 3310 813 3359 γ.
835 3297 878 3344 De
889 3309 917 3345 re
927 3309 951 3342 v.
964 3294 1093 3357 Theophr.
1105 3293 1123 3341 l.
1134 3293 1153 3341 l.
1164 3292 1198 3341 V.
1213 3295 1236 3352 7,
1248 3298 1272 3341 2.

81 3410 85 3419 ,
159 3399 190 3408 ,.
206 3357 329 3422 platinam,
342 3377 382 3411 ar.
401 3369 424 3410 ct
432 3359 556 3425 platinam,
569 3357 619 3422 dss.
632 3401 664 3410 ..
678 3361 782 3423 abdiam,
793 3364 883 3413 Tadr.
900 3362 958 3411 Hoc
969 3362 1090 3424 arripiens
1101 3360 1172 3410 Brot
1184 3372 1203 3424 r
1214 3373 1273 3408 cum

157 3441 191 3475 ar
207 3427 373 3490 interpungit:
400 3428 425 3476 in
441 3428 505 3478 enini
517 3445 608 3492 penae,
622 3426 737 3492 platinam
748 3428 852 3478 abdicat.
873 3426 997 3486 Quaedam
1007 3429 1052 3477 rel.
1078 3428 1182 3478 Attum
1193 3428 1221 3475 in
1232 3441 1273 3476 ea·

157 3494 215 3542 dem
231 3495 338 3558 periodo
355 3497 418 3546 mire
435 3497 482 3547 sibi
494 3497 677 3546 contradiceret
687 3497 767 3557 Plin,
783 3507 812 3546 nt
823 3498 866 3561 qni
878 3511 955 3560 supra
966 3494 1089 3544 feruleam
1100 3496 1134 3543 ad
1163 3495 1273 3543 lutinan-

158 3560 217 3640 duni
223 3563 333 3624 probari,
338 3578 406 3612 nunc
413 3579 473 3613 vero
482 3566 587 3613 eandem
596 3564 724 3626 glutinum
733 3564 849 3613 abdicare
859 3565 933 3612 dicat.
943 3561 1028 3623 Quare
1037 3577 1084 3626 ego
1094 3577 1127 3611 ex
1132 3509 1274 3622 siabdbaat

157 3629 256 3688 manui
271 3644 316 3692 per
327 3631 555 3693 interpunctionem
571 3646 604 3680 ex
620 3638 691 3693 parte
702 3631 832 3693 vulgatam
844 3632 895 3679 hoc
906 3632 939 3680 ad
951 3631 1083 3694 sequentia
1092 3627 1211 3679 referens.
1233 3629 1275 3678 Ita

157 3694 225 3744 hunc
236 3696 331 3757 locum,
343 3699 374 3746 de
386 3699 457 3748 cuius
469 3699 592 3762 scriptura
603 3696 705 3747 difficile
716 3699 821 3747 indicari
832 3713 907 3761 posse
919 3699 955 3747 ait
966 3698 1085 3748 Schneid
1097 3700 1130 3746 ad
1142 3695 1273 3757 Theophr.

158 3762 188 3810 Τ.
200 3762 235 3810 V.
246 3778 271 3825 p.
284 3766 350 3824 270,
368 3766 515 3828 expeditum
528 3781 581 3815 esse
593 3766 692 3828 opinor.
711 3806 742 3813 -
761 3765 848 3826 robios,
861 3781 884 3814 a.
897 3806 929 3814 ..
947 3781 996 3826 nec,
1008 3767 1069 3816 adr.
1085 3762 1130 3812 sed
1139 3778 1188 3823 aec,
1199 3756 1228 3822 β.
1241 3801 1273 3810 ..

158 3835 184 3875 ut
194 3828 254 3876 sicut
265 3829 325 3892 qaas,
334 3834 383 3880 r¹².
402 3872 434 3881 ..
451 3831 577 3895 waianyit,
593 3826 615 3878 θ
620 3834 663 3883 ad.
682 3847 727 3880 aon
739 3831 866 3896 conianqil,
878 3835 925 3883 1¹².
942 3831 1076 3895 amianyat,
1087 3827 1138 3893 βγ.

191 3893 276 3955 5227.
295 3896 353 3959 odit,
366 3900 460 3949 '1’de
478 3897 554 3958 audit,
565 3894 649 3959 ad1ss.
668 3939 700 3948 ..
719 3897 787 3960 talia,
799 3903 843 3950 ad.
863 3940 894 3948 -
913 3898 1112 3959 ditimus§209.
1124 3937 1155 3946 ..
1174 3895 1273 3943 wmaru-

158 3978 202 4025 qae
217 3979 291 4026 opera
299 3964 400 4027 facila,
417 3966 536 4017 Schneid.
553 3969 586 4016 ad
601 3967 735 4029 Theophr.
751 3966 810 4017 hist.
822 3969 901 4031 plant.
913 3969 947 4018 V.
960 3974 983 4028 6,
996 3973 1019 4016 a.
1032 3981 1057 4029 p.
1071 3971 1128 4014 440.
1145 3965 1178 4011 ad
1190 3963 1275 4024 priora

158 4028 274 4081 referens.
294 4073 325 4080 ..
348 4031 492 4095 sanabilia,
503 4036 582 4084 Hard.
594 4049 627 4082 ex
639 4035 770 4097 Theophr.
783 4036 801 4083 l.
814 4035 831 4083 l.
843 4035 877 4084 V.
890 4041 914 4092 6,
927 4041 951 4084 3.
974 4027 1102 4097 allapsuro
1120 4026 1152 4077 δὲ
1168 4025 1213 4077 καὶ
1230 4024 1272 4080 :aa

158 4109 253 4162 αχωτα
264 4093 298 4147 τὰ
310 4096 471 4164 ἐνικμότερα
482 4101 534 4150 τῶν
546 4097 654 4160 πάμπαν
667 4097 769 4166 ξηρῶν.
792 4101 920 4161 arabica,
937 4101 969 4151 Τ.
984 4097 1115 4162 forabilia,
1126 4099 1152 4146 D
1160 4099 1215 4147 'ad
1229 4099 1274 4162 so·

159 4163 253 4225 rabilia,
265 4165 311 4214 D².
340 4166 479 4228 Durabilia,
489 4164 519 4229 β.
545 4166 678 4229 Dolabilia,
695 4169 761 4219 Pint.
781 4209 812 4217 ..
838 4167 931 4217 sectilia
945 4181 1015 4229 quac,
1032 4167 1057 4214 d.
1082 4164 1190 4228 accegae,
1202 4183 1226 4216 a.
1242 4207 1274 4216 ..

159 4228 239 4292 latius,
250 4232 371 4285 Tadr¹².
398 4233 490 4297 aaa,
505 4236 593 4286 Dulce.
609 4248 635 4299 r.
655 4274 685 4284 -
708 4250 780 4297 quaa
793 4243 857 4284 taras
867 4232 959 4295 cedaar,
976 4234 1021 4284 ad.
1047 4248 1096 4296 qua
1108 4239 1172 4282 teras
1183 4231 1274 4301 cedrus,
