2896 4792
184 292 246 358 302
535 302 739 352 narnasms
760 302 956 353 morcarus

185 460 334 527 hebetare
346 455 492 534 traditur,
503 455 684 522 inflationes
694 472 821 541 quoque
837 457 953 533 lacere,
970 479 1051 540 quae
1064 469 1169 522 tamen
1183 470 1305 525 stoma·
1347 530 1358 546 ,

184 561 320 626 chonon
335 567 473 624 noceant
491 568 698 643 ventremque
714 558 873 633 molhont3
888 558 961 624 voci
973 557 1175 643 splendorem
1191 552 1305 625 adiert.

226 664 277 726 22.
302 658 455 747 Capitate
476 659 577 724 maior
598 669 648 724 est
669 659 712 724 ad
733 659 844 725 eadem
867 660 1010 725 effectus.
1034 657 1231 747 Sanguinem
1250 683 1305 727 re·
1320 676 1356 721 rs

182 763 355 828 icientibus
371 782 470 828 sucus
481 761 552 826 cius
567 782 639 825 oum
653 761 757 848 gallae
772 771 829 825 aut
843 761 924 825 turis
938 761 1042 825 farina
1056 762 1106 826 vel
1121 763 1230 828 acacia
1244 763 1305 827 da-

72 886 80 899 *
183 878 244 930 tur.
266 864 484 951 Hippocrates
498 872 530 928 et
545 863 613 928 sine
628 862 691 928 alia
704 861 845 926 mixtura
858 862 928 926 dari
938 862 1030 927 iubet
1040 863 1214 946 volvasque
1225 883 1306 928 con-

183 976 301 1033 tractas
328 965 455 1052 aperire
481 985 516 1029 se
543 973 651 1049 putat,
681 961 911 1028 secunditatem
932 963 1228 1031 etiamfeminurum
1241 963 1306 1030 hoc

182 1066 256 1134 cibo
281 1066 410 1153 augeri3
444 1065 614 1130 contritum
642 1084 683 1130 cx
709 1063 802 1130 melle
829 1055 939 1130 ulcera
963 1075 1094 1151 purgat.
1117 1062 1248 1130 Tussim
1270 1075 1305 1131 et
1319 1082 1354 1126 rs

181 1167 412 1233 destillationes
427 1166 575 1244 thorneie,
596 1165 759 1251 pulmonis
774 1167 945 1249 omniaque
963 1166 1100 1231 arteriae
1116 1166 1195 1232 vitia
1211 1177 1305 1230 sanat

181 1269 293 1334 datum
319 1269 354 1333 in
377 1266 550 1334 sorbitione
575 1267 698 1332 tisanae
723 1267 777 1333 vel
797 1267 932 1332 crudum
954 1278 1083 1352 praeter
1105 1267 1212 1352 capita
1233 1268 1305 1333 sirie

180 1390 279 1458 pane,
306 1368 354 1434 ita
373 1378 411 1434 ut
431 1367 561 1433 alternis
583 1365 698 1433 diebus
720 1376 879 1444 sumatur,
906 1367 959 1431 vel
980 1369 1008 1432 si
1029 1389 1112 1453 pura
1133 1388 1303 1433 exscreon·

181 1484 249 1550 tur,
273 1472 319 1536 sic
341 1480 374 1536 et
394 1469 466 1536 voci
487 1479 520 1535 et
540 1469 650 1535 veneri
670 1488 844 1552 somnoque
867 1469 1003 1534 multum
1018 1469 1151 1534 confert
1183 1466 1304 1554 Capita

180 1570 230 1638 bis
258 1591 341 1657 aqua
366 1579 489 1636 mutata
516 1579 607 1635 cocta
633 1570 738 1634 alvom
768 1568 887 1636 sistunt
914 1580 947 1636 et
974 1569 1142 1636 fluctiones
1163 1580 1303 1650 veteres,

179 1682 290 1739 cortex
311 1671 464 1737 decoctus
485 1669 659 1752 inlitusque
678 1664 780 1734 inficit
802 1690 909 1735 canos.

75 1756 82 1773 ¹
222 1775 273 1839 23.
295 1771 374 1838 Alio
394 1792 513 1858 magna
527 1770 600 1847 ris,
625 1791 764 1857 magnae
784 1768 939 1836 utilitates
960 1780 1070 1837 contra
1091 1792 1247 1855 aquamm
1268 1783 1303 1837 et
1316 1787 1351 1832 50

177 1877 319 1942 locorum
351 1871 555 1936 mutationes.
595 1868 762 1956 Serpentis
792 1871 894 1958 abigit
926 1882 958 1937 et
984 1873 1168 1958 scorpiones
1201 1874 1302 1940 odore

178 1985 288 2060 atque,
309 1984 345 2039 ut
366 1970 466 2058 aliqui
487 1972 660 2050 tradidere,
680 1982 793 2038 contra
806 1973 981 2039 bestiarum
1002 1975 1107 2039 omnis
1126 1976 1210 2040 ictus
1231 1984 1300 2040 me-

178 2076 273 2142 detur
296 2084 409 2160 potum
435 2073 487 2139 vel
509 2073 580 2140 cibo
602 2073 654 2138 vel
674 2073 815 2152 inlitum,
848 2075 997 2160 privatim
1021 2085 1130 2141 contra
1151 2075 1300 2140 haemor-

177 2176 286 2242 roidas
308 2197 380 2240 cum
402 2175 478 2240 vino
492 2173 662 2253 redditum,
683 2176 816 2240 vomitu.
843 2173 895 2240 Ac
916 2197 958 2241 ne
979 2187 1091 2241 contra
1111 2198 1303 2242 araneorum

177 2277 317 2342 murium
339 2284 532 2341 venenatum
551 2294 693 2340 morsum
714 2276 821 2340 valere
840 2276 1008 2355 miremur,
1031 2278 1192 2342 aconitum
1213 2277 1303 2363 quod

107 2408 117 2427 =
178 2378 240 2444 alio
267 2367 397 2443 nomine
423 2374 668 2462 pardalianches
695 2386 826 2441 vocatur
854 2375 1009 2456 debellat,
1034 2379 1112 2443 item
1139 2378 1300 2463 hyoscya-

177 2500 282 2559 mum,
304 2498 420 2543 oanum
442 2498 584 2556 morsus,
605 2477 639 2541 in
661 2498 743 2563 quas
763 2477 894 2544 volnera
915 2498 989 2543 cum
1009 2478 1104 2544 melle
1124 2478 1301 2566 inponitur.

213 2650 438 2730 mflatbaea'l'ad.
464 2645 678 2729 irfiats'oaemsspj.
696 2690 728 2700 ..
746 2651 918 2712 noceant,Td
942 2645 1117 2716 noceatassr.
1134 2692 1165 2702 ..
1184 2651 1305 2717 mallabat,

179 2712 252 2772 ‘rsa
270 2717 368 2780 molunt,
379 2713 430 2783 βγ.
449 2758 482 2768 ..
505 2733 564 2780 voca,
576 2735 599 2768 a.
621 2733 691 2779 roas,
707 2708 886 2782 Od(Appu1.)
904 2758 936 2768 ..
958 2716 1047 2782 affert,
1063 2735 1079 2769 a
1096 2715 1219 2786 (Appul.)
1237 2721 1300 2784 offe-

178 2794 242 2849 rant,
254 2788 307 2838 Τὰ.
324 2822 330 2838 .

213 2854 282 2917 θ48.
304 2852 381 2904 maior
396 2860 442 2916 aa
459 2854 524 2903 haec
538 2853 662 2917 scriptura
677 2854 840 2903 confirmatur
855 2868 901 2917 por
917 2853 1084 2918 Appuleium,
1102 2856 1145 2918 qui
1161 2854 1255 2903 maiora
1270 2853 1301 2904 de

179 2920 260 2972 cadem
276 2919 313 2970 ads
329 2928 363 2969 est
379 2920 464 2970 hahet.
491 2918 600 2981 maiores,
612 2920 658 2969 ad.
681 2920 775 2971 Totum
786 2921 856 2970 hunc
867 2922 952 2970 locum
964 2923 1121 2986 transcripsit
1131 2922 1197 2973 Plin.
1209 2922 1300 2972 Valer.

179 2996 203 3047 4,
216 2995 257 3040 20.
276 3029 306 3038 ..
326 2989 418 3052 ffctu,
430 3004 452 3037 a.
471 3026 503 3035 ..
522 2985 675 3050 Saronicum,
687 2988 731 3036 ad.
754 2986 821 3038 Nom
833 2987 978 3053 sanquinem,
990 2990 1087 3054 Appul.
1107 3030 1138 3038 -
1160 2988 1249 3053 pallae,
1261 2993 1300 3040 ad
1407 3032 1417 3045 ,.

178 3055 266 3119 (codd.
276 3053 347 3114 Gel.)
363 3051 440 3118 pallo,
451 3055 477 3104 Κ
488 3053 615 3115 (Murbac.
627 3056 696 3116 apud
708 3053 812 3106 Cornan
824 3056 857 3105 ad
868 3056 985 3106 Dioscor.
999 3063 1023 3117 2,
1036 3062 1091 3107 185.
1104 3065 1129 3106 et
1140 3059 1172 3107 ad
1183 3059 1300 3107 Macrum

179 3121 283 3184 ita.)
301 3163 331 3171 -
356 3128 406 3181 aut,
418 3121 463 3171 Ka
479 3119 566 3183 (codd.
580 3119 651 3183 Gal.)
677 3129 710 3182 at,
722 3125 746 3172 d.
766 3162 798 3172 ..
821 3127 928 3185 aaoa,d.
947 3164 979 3173 -
1005 3123 1064 3184 alia,
1080 3139 1130 3173 om.
1143 3125 1174 3174 T.
1194 3165 1224 3174 ..
1244 3141 1300 3172 oon-

180 3190 269 3246 tractis,
285 3182 313 3238 θ.
332 3229 363 3238 ..
387 3197 504 3252 reputat,
517 3183 566 3239 Oa.
587 3180 703 3258 ssssputat,
716 3193 739 3240 d.
759 3186 902 3256 palatssr.
922 3231 949 3240 -
976 3191 1066 3257 auperi,
1079 3195 1095 3242 d
1108 3189 1231 3255 (Appul.)
1254 3207 1299 3240 aa·

178 3273 240 3322 pm,
256 3250 304 3307 Oa
323 3298 354 3306 ..
370 3263 468 3320 pumat,
481 3257 504 3306 d.
522 3264 598 3320 carot,
610 3257 716 3322 Appul.·
723 3272 840 3323 purpure,
851 3272 875 3309 a.

212 3327 280 3390 μθ.
298 3321 504 3387 destillationibus,
515 3340 539 3376 a.
557 3366 588 3376 ..
612 3325 743 3390 orarioque,
754 3327 799 3391 Ap
846 3362 852 3376 .
874 3321 1010 3389 etadssr.
1028 3367 1060 3376 ..
1078 3325 1300 3390 ανεενίαο,Αρριι1.

178 3391 279 3453 arteria,
296 3393 341 3442 ad.
367 3392 520 3455 arteriarum,
536 3393 569 3444 Τ.
587 3434 619 3444 ..
647 3393 779 3456 manaae
807 3391 918 3460 Appul.)
935 3394 1023 3446 Omitt.
1036 3394 1089 3443 To.
1108 3435 1139 3443 ..
1167 3393 1301 3442 itauttn'o

125 3490 128 3495 -
179 3459 261 3525 capito
271 3459 321 3508 sine
328 3474 394 3523 pane
405 3458 504 3511 alternis
515 3460 596 3511 diebus
606 3467 737 3525 mmortar,
752 3460 785 3513 Κ.
803 3503 835 3512 -
857 3476 929 3526 para,
944 3453 1043 3511 Orac.
1063 3459 1201 3525 purulenta,
1217 3455 1247 3522 β
1266 3500 1299 3510 .-

179 3527 325 3588 momatur,
338 3542 361 3576 a.
384 3569 415 3577 -
442 3529 564 3590 etvmers',
583 3530 679 3594 Appul.
706 3527 841 3590 volcmeri,
859 3524 950 3592 adssr.
969 3569 1000 3578 ..
1027 3526 1120 3588 sumat,
1133 3529 1157 3577 d.
1183 3528 1252 3589 sistit,
1266 3529 1299 3577 T.

179 3595 274 3728 maffia,
301 3593 414 3712 moKlliunt
430 3597 529 3662 Appul.
548 3638 579 3647 ..
606 3613 618 3645 e
626 3595 797 3660 fluctuosae
824 3595 977 3660 ffacdoues,
993 3597 1045 3646 Td.
1072 3603 1095 3643 et
1102 3595 1231 3658 fluxiones,
1247 3591 1299 3658 βγ.

178 3663 203 3712 ia
239 3663 319 3724 abusa
356 3698 363 3712 .

213 3733 228 3795 ξ
241 3736 281 3781 to.
299 3737 371 3794 atque
381 3737 415 3790 ut,
424 3731 448 3780 d.
466 3736 545 3795 atque,
553 3746 577 3782 a.
594 3730 764 3794 Uauscnpsit
773 3731 836 3780 hacc
848 3729 1098 3790 Plin.Valer.4,17.
1111 3730 1171 3779 coll.
1180 3729 1299 3779 Dioscor.

179 3804 204 3861 2,
218 3805 274 3849 181.
293 3839 324 3848 ...
349 3795 533 3859 tradideraud.
558 3795 719 3854 tradideram,
734 3793 785 3861 βγ.
805 3837 836 3847 ..
859 3804 942 3846 coatra
955 3795 1081 3845 bestiarum
1094 3796 1246 3856 annuatur,
1263 3797 1300 3846 ita

178 3880 227 3916 nos
243 3866 395 3930 scripsimus.
423 3865 509 3914 bustim
523 3864 685 3925 mamistae,
703 3868 746 3915 ad.
772 3871 855 3913 contra
872 3864 945 3913 muare
960 3865 1030 3925 ictas,
1048 3865 1145 3929 Appul.
1172 3864 1299 3912 lesdarum

178 3933 279 3983 emaum
294 3933 385 3994 ictsbas,
399 3928 449 3996 βγ.
472 3933 511 3983 At
525 3940 658 3995 utramque
673 3933 744 3981 illam
759 3933 908 3996 scripturam
920 3933 1073 3995 iungendam
1086 3946 1141 3982 esse
1152 3940 1229 3995 atque
1239 3932 1300 3981 indo

178 4001 242 4052 illud
252 4003 444 4062 restituendum,
460 4002 528 4064 quod
539 4001 705 4063 reposuimus,
722 4000 867 4062 planissime
878 4003 970 4050 docent
981 4002 1058 4049 verba
1070 4001 1153 4050 statim
1167 4001 1301 4063 sequeutia

176 4068 290 4131 mirsam
302 4077 386 4117 eontra
397 4065 580 4126 beorwaldus,
597 4067 688 4130 quibus
699 4068 778 4129 vulgo
790 4068 892 4117 additur
898 4066 1008 4131 prodeam
1026 4071 1058 4118 de
1069 4068 1199 4117 locutione
1210 4065 1302 4115 mederi

179 4141 262 4184 comma
272 4152 296 4185 v.
309 4137 343 4185 ad
355 4143 396 4195 32,
408 4140 450 4187 85.
467 4177 498 4185 -
526 4132 663 4192 medicatur,
677 4134 774 4198 Appul.
794 4175 825 4183 ..
850 4143 937 4197 potam,
953 4136 1051 4200 Appul.
1075 4130 1247 4197 pota‚adssr.
1267 4174 1299 4182 -

178 4201 278 4263 inlitam,
288 4203 324 4252 ita
334 4218 382 4253 uos
393 4204 545 4266 scripsimus.
568 4199 655 4261 inlita,
671 4202 769 4266 Appul.
792 4200 860 4264 illita,
873 4199 945 4268 ᾱβγ.
973 4202 1046 4265 interi,
1058 4218 1082 4253 a.
1105 4243 1136 4252 ..
1155 4201 1299 4251 haemorroi-

179 4267 283 4330 das,ad
298 4267 422 4333 (Appul.)
449 4266 626 4318 haemorroidas
634 4267 739 4332 prodest,
756 4263 807 4333 βγ.
826 4311 856 4319 -
884 4270 978 4333 verritu,
989 4287 1013 4321 a.
1039 4270 1193 4332 vomitumd.
1220 4268 1300 4330 uomit,
