2896 4792
131 280 195 347 434
482 295 686 347 servanus
708 297 904 349 mesonma

175 449 226 514 28.
250 445 314 511 Est
329 457 360 512 et
382 446 549 513 lotometra
563 469 647 532 quae
669 449 706 513 tit
721 471 762 516 ex
783 451 848 515 loto
864 462 942 529 sata,
966 473 1006 517 ex
1021 454 1117 519 cuius
1143 457 1277 525 semine
1291 477 1320 521 ss

133 548 228 615 simili
243 547 309 615 mili
325 547 435 614 cibarii
446 547 527 614 fiunt
542 571 642 636 panes
655 550 690 615 in
700 550 854 639 Aegypto
869 574 889 617 a
903 553 1097 638 pastoribus,
1110 576 1277 625 maxume

134 671 217 735 aqua
232 648 283 715 vel
296 650 380 716 lacte
403 649 548 716 subacto.
569 648 716 739 Negstnr
737 652 909 737 quicquam
923 653 978 719 illo
999 677 1084 740 psne
1099 657 1276 727 salubrius

137 772 208 816 esse
230 763 286 816 aut
307 750 411 817 levius
433 751 510 815 dum
532 751 650 828 caleat3
674 753 882 842 refrigeratus
903 753 1065 820 difficilius
1087 759 1275 844 concoqui·

105 929 109 935 ,
135 863 186 917 tur
208 852 306 937 fitque
328 852 541 937 ponderosus.
566 850 703 920 Constat
725 855 856 939 eosqui
878 854 932 921 illo
946 856 1057 921 vivant
1071 878 1134 922 nec
1149 860 1273 945 dysin-

133 956 287 1021 teriones
309 965 452 1020 tenesmo
473 975 578 1038 neque
593 955 663 1020 aliis
686 956 806 1022 morbis
821 956 942 1022 ventris
963 956 1129 1033 infestari3
1155 960 1274 1048 itaque

46 1044 50 1059 ’
130 1056 214 1121 inter
237 1055 379 1121 remedia
401 1076 512 1121 eorum
532 1054 661 1123 habent.
1185 1136 1189 1140 ὁ

174 1158 225 1222 29.
248 1155 431 1244 Heliotropi
451 1156 639 1222 miraculum
654 1159 784 1245 saepius
806 1160 947 1226 diximus
968 1182 1042 1224 cum
1062 1160 1131 1226 sole
1147 1183 1185 1228 se
1202 1164 1273 1231 cir·
1287 1184 1316 1231 57

132 1259 333 1345 cumsgentis
357 1259 453 1323 etiam
476 1258 587 1324 nubilo
610 1259 679 1336 die;
702 1271 812 1326 tantus
834 1261 949 1330 sideris
964 1282 1053 1327 amor
1069 1271 1140 1338 est3
1164 1276 1273 1333 noctu

131 1361 219 1426 velut
241 1360 402 1426 desiderio
418 1360 578 1426 contrahit
591 1361 773 1428 caeruleum
794 1363 914 1427 florem.
939 1359 1069 1429 Genera
1083 1361 1157 1428 eius
1179 1365 1271 1433 duo:

130 1463 299 1530 tricoccum
314 1471 346 1526 et
360 1461 607 1547 helioscopium3
630 1462 690 1529 hoc
706 1464 812 1542 altius,
825 1517 864 1529 ..
877 1485 1072 1548 quamquam
1085 1474 1273 1552 utrumqne

133 1564 360 1650 semipedalem
376 1563 577 1629 altitudinem
591 1586 654 1629 non
670 1565 806 1643 excedit,
830 1621 869 1629 -
893 1563 934 1629 ab
948 1564 1013 1629 ima
1026 1564 1139 1630 radice
1154 1591 1272 1636 ramo·

131 1688 218 1744 sum;
230 1688 339 1732 semen
355 1666 389 1730 in
403 1665 547 1731 folliculo
564 1665 722 1731 messibus
734 1665 913 1753 colligitur3
925 1666 1067 1731 nascitur
1077 1668 1215 1734 nonnisi
1235 1669 1272 1735 in

131 1766 245 1855 pingui
262 1769 328 1835 solo
350 1767 499 1851 cultoque
522 1789 682 1844 maxume,
705 1769 877 1834 tricoccum
891 1766 1020 1851 ubique.
1044 1764 1082 1831 Si
1097 1768 1271 1854 decoqua-
1285 1793 1314 1839 ss

131 1879 193 1946 tur,
215 1868 344 1935 invenio
360 1868 441 1933 cibis
464 1869 592 1953 placere
609 1880 641 1933 et
661 1869 696 1932 in
717 1869 799 1934 lacte
820 1869 993 1936 iucundius
1015 1869 1121 1934 alvom
1144 1871 1272 1938 molliri

131 1980 173 2046 et,
197 1970 224 2035 si
247 1970 370 2039 decocti
393 1991 491 2038 sucus
512 1969 651 2047 bibatur,
680 1969 902 2038 efficacissime
924 1969 1093 2037 exinaniri.
1121 1970 1271 2039 Maioris

134 2092 231 2135 sucus
253 2072 411 2157 excipitur
432 2082 556 2141 aestate
577 2071 657 2137 hora
679 2083 786 2149 sexta3
814 2073 967 2139 miscetur
989 2094 1063 2139 cum
1089 2072 1188 2152 vino,
1215 2075 1271 2141 sic

131 2170 268 2250 firmior3
292 2172 408 2258 capitis
423 2173 549 2240 dolores
564 2173 656 2239 sedat
677 2196 809 2241 rosaceo
830 2175 983 2241 admixto.
1005 2173 1174 2244 verrucas
1188 2197 1270 2242 eum

133 2273 197 2338 sale
221 2273 300 2339 tollit
324 2297 453 2340 sucuse
476 2274 565 2354 folio,
587 2276 673 2341 unde
694 2277 795 2342 nostri
818 2276 1031 2344 verrucariam
1051 2275 1187 2342 herbam
1203 2300 1268 2365 ap-

132 2374 379 2462 pellaveresliis
401 2377 620 2463 cognominari
641 2377 810 2445 effectibus
833 2377 1019 2466 digniorem.
1063 2374 1218 2462 Namque
1234 2390 1309 2446 etse

133 2475 337 2564 serpentibus
360 2488 392 2542 et
414 2477 637 2564 scorpionibus
658 2479 778 2544 resistit
799 2500 840 2545 ex
862 2477 939 2543 vino
961 2488 1017 2546 aut
1037 2498 1121 2562 aqua
1143 2481 1265 2560 mulsa,

19 2606 25 2633 ι
134 2590 169 2645 ut
182 2578 427 2664 Apollophanes
450 2592 481 2646 et
492 2579 709 2665 Apollodorus
731 2579 874 2646 tradunt.
895 2578 990 2644 Folio
1010 2578 1185 2646 infantium
1204 2583 1266 2650 de·

133 2680 373 2760 stillationibus,
403 2681 490 2765 quod
518 2679 656 2745 siriasim
682 2691 813 2760 vocant,
850 2680 943 2747 inlita
967 2679 1153 2760 medentur,
1181 2683 1269 2751 item

133 2782 414 2859 contractionibus,
436 2781 532 2847 etism
547 2781 574 2847 si
588 2782 623 2846 id
644 2781 846 2850 comitialiter
859 2782 1000 2850 accidat:
1017 2781 1163 2849 Decocto
1177 2803 1267 2868 qno·

134 2903 196 2967 que
223 2881 325 2946 foveri
347 2903 383 2947 os
411 2880 655 2948 saluberrimum
677 2894 737 2949 est.
764 2883 884 2949 Potum
906 2883 941 2948 id
967 2882 1057 2969 pellit
1082 2884 1210 2949 taenias
1233 2896 1268 2951 et

134 2983 258 3048 renium
277 2982 429 3062 harenas3
452 2985 480 3049 si
501 2985 664 3050 cuminum
686 2984 853 3063 adiciatur,
876 2983 1015 3059 calculos
1032 2983 1165 3071 frangit.
1186 2984 1272 3054 De·-

169 3107 183 3167 ᾗ
197 3111 235 3156 56.
268 3104 430 3168 lotiometrm,
446 3108 478 3157 R.
506 3105 564 3156 lotos
579 3105 686 3166 lemaro,
700 3108 805 3159 Cornan.
823 3109 856 3159 ad
873 3109 993 3159 Diosccr.
1011 3115 1034 3168 t,
1052 3110 1094 3158 st.
1121 3147 1154 3157 ..
1186 3107 1269 3161 amitt

134 3171 187 3222 mili
201 3171 294 3233 οἰὸαήὶ,
311 3174 347 3223 ita
362 3189 409 3225 nos
426 3176 577 3239 scripsimus.
603 3173 720 3224 simillimi
727 3175 805 3239 porri,
822 3176 848 3225 V
860 3172 917 3238 (sed
931 3185 990 3226 ants
998 3192 1017 3241 p
1028 3190 1081 3226 una
1090 3173 1177 3225 litters
1188 3191 1268 3229 erasa

133 3239 251 3303 videtur).
275 3239 394 3292 simillime
402 3242 480 3305 porri,
495 3245 528 3293 R.
549 3241 669 3292 simillimo
677 3242 757 3307 porri,
772 3236 873 3308 OTdr.
900 3242 975 3292 simili
984 3241 1056 3305 milio,
1067 3237 1096 3304 β,
1114 3244 1186 3306 quod
1199 3259 1267 3296 con·

133 3310 247 3359 firmatur
258 3323 303 3372 per
314 3311 394 3373 ipsius
405 3311 482 3360 Plinii
494 3310 572 3360 verba
586 3317 624 3372 13,
639 3314 697 3361 101.
723 3310 786 3360 intus
796 3326 878 3376 prono
889 3327 930 3361 ocu
941 3309 1039 3371 milium,
1051 3311 1186 3374 Theophr.
1199 3312 1266 3364 mm

133 3377 212 3441 plant.
225 3376 274 3426 IV.
287 3383 311 3439 8,
327 3383 364 3427 10.
387 3372 490 3428 ἔστιδὲ
503 3375 519 3426 d
531 3374 636 3443 καρπὸς
646 3373 799 3444 παρόμοιος
809 3376 845 3446 τῇ
854 3375 979 3446 κέγχρῳ,
997 3385 1023 3428 et
1033 3378 1151 3428 Dioscor.
1163 3386 1188 3440 4,
1204 3385 1267 3433 112.

135 3441 164 3493 ἐν
181 3433 201 3510 ᾗ
216 3441 322 3509 καρπὸς
338 3443 378 3502 ὡς
392 3443 516 3514 κέγχρος.
545 3445 675 3510 Scriptura
690 3449 768 3510 vulgo
785 3443 827 3511 (γ)
844 3455 947 3511 recepta
963 3446 1120 3510 ineptissima
1136 3455 1184 3505 est,
1200 3446 1268 3498 licet

134 3513 213 3563 Hard.
222 3528 276 3563 rem
286 3514 376 3562 eodem
385 3516 495 3564 recidere
504 3522 637 3565 asseveret.
659 3511 771 3564 oilerius
776 3515 858 3579 ponis,
871 3523 900 3565 nt
911 3515 993 3565 verbis
1005 3521 1062 3563 utar
1072 3513 1164 3563 Isidori
1177 3515 1267 3579 origg.

134 3581 194 3631 XX.
208 3585 232 3641 2,
246 3584 295 3641 te,
308 3587 350 3640 cst,
361 3580 404 3643 qai
414 3579 449 3629 od
459 3580 534 3631 mlum
546 3581 620 3631 servis
631 3579 711 3643 datar,
723 3597 765 3630 nec
776 3579 900 3643 delicatis,
913 3582 973 3632 coll.
981 3581 1049 3632 Plin.
1064 3586 1103 3642 18,
1115 3585 1157 3631 90.
1170 3588 1197 3630 ct
1208 3581 1267 3633 (lic.

134 3656 241 3712 qusestt.
255 3647 330 3697 Tusc.
343 3649 377 3697 V.
390 3655 430 3710 34,
444 3653 484 3700 97.
507 3650 599 3700 Talem
609 3665 670 3700 vero
680 3664 772 3713 panem
784 3650 916 3713 vulgarem
929 3649 955 3698 h.
967 3650 984 3698 l.
998 3648 1193 3711 intelligendum
1207 3664 1268 3701 esse

135 3717 227 3764 docent
242 3723 268 3765 st
283 3715 360 3765 verba
375 3731 392 3764 o
404 3718 548 3779 pastoribus,
565 3718 656 3782 quibus
668 3718 765 3781 optime
778 3719 932 3781 respondent
943 3715 1111 3768 Ciceroniana
1122 3714 1148 3762 in
1164 3731 1229 3765 casa
1240 3727 1269 3769 at

135 3798 247 3847 eaquae
259 3783 313 3846 ipse
322 3783 389 3832 Plin.
401 3789 440 3845 10,
453 3790 507 3836 100.
517 3786 548 3834 de
560 3786 611 3835 hoc
623 3794 689 3849 pane
701 3799 715 3833 e
726 3785 781 3834 loto
793 3783 861 3835 lacto
873 3791 963 3834 namot
976 3784 1117 3846 Vulgarem
1128 3783 1204 3833 illum
1216 3799 1268 3849 ps·

134 3865 193 3899 nem
212 3865 266 3900 esse
278 3858 304 3901 et
319 3850 507 3903 delicatioribus
523 3853 669 3903 hominibus
681 3860 865 3916 contemptum,
881 3853 967 3902 sinon
980 3852 1072 3912 obstat,
1088 3851 1158 3914 quod
1173 3854 1268 3905 statim

134 3918 247 3968 medices
263 3919 317 3968 eins
334 3919 422 3969 leudes
440 3919 603 3970 celebrantur.
622 3960 653 3970 ...
671 3917 786 3978 subactio,
798 3919 860 3971 RV.
883 3960 914 3969 ..
938 3919 1057 3983 quiquam,
1068 3917 1131 3969 RV.
1148 3956 1176 3967 -
1196 3917 1269 3982 ἀοι,

133 4010 189 4060 Vd.
207 4026 267 4072 cum,
279 4013 311 4062 R.
325 4053 355 4061 -
374 4011 458 4072 ventri,
470 4011 504 4061 V.
518 4051 548 4061 ..
567 4010 659 4072 habent,
671 4012 704 4062 V.
723 4009 844 4073 labentur,
857 4013 889 4062 R.
907 3984 984 4072 bitur,
997 4014 1021 4061 d.
1039 4008 1146 4071 labetur,
1157 4004 1211 4074 βγ.

168 4079 182 4141 ξ
196 4081 235 4128 st.
263 4077 365 4127 diximus
377 4085 400 4138 2,
415 4084 470 4129 los.
491 4084 530 4140 ts,
542 4084 600 4128 252.
617 4080 659 4130 Do
669 4080 725 4143 ipsa
736 4079 825 4144 planta
836 4094 859 4129 v.
872 4081 988 4130 Dioscor.
1001 4085 1025 4140 4,
1039 4082 1095 4128 100.
1110 4117 1141 4126 ..
1160 4093 1194 4140 se,
1209 4093 1268 4132 om.

135 4147 159 4194 d.
176 4145 326 4208 scepe,BV.
340 4186 371 4194 -
391 4153 477 4207 tantus,
486 4146 521 4196 V.
544 4149 618 4208 mam,
630 4147 662 4197 R.
680 4154 779 4210 tautum,
793 4142 844 4198 Od.
857 4188 888 4197 ..
907 4162 976 4196 amor
986 4145 1269 4210 aaltvmamm,

136 4212 159 4260 d.
179 4251 209 4260 ..
228 4219 304 4272 aecta,
316 4213 379 4262 BV.
398 4220 421 4261 et
431 4221 506 4275 nocta,
520 4212 573 4264 Td.
592 4222 659 4264 nocta
670 4230 732 4277 vcro,
744 4216 776 4265 K.
790 4256 821 4266 ..
840 4213 967 4278 committit,
982 4206 1123 4266 Ossvnc.
1140 4213 1268 4280 contrahi,

134 4273 186 4342 βγ.
205 4318 236 4328 -
255 4294 311 4341 aaa,
327 4271 435 4331 ORVd.
455 4321 486 4330 -
505 4281 628 4344 messibus,
640 4282 673 4333 V.
692 4323 723 4332 ..
741 4280 868 4346 mulsoque,
880 4284 912 4335 R.
