2896 4792
451 301 521 346 nm.
537 300 598 346 xx.
630 297 707 346 cnr.
725 298 785 345 vn.
816 295 914 344 snos.
929 297 961 342 ac.
1202 278 1264 346 807
1332 368 1340 375 ..

145 453 342 527 cordiorum3
373 449 491 515 dantur
515 461 549 516 et
574 448 812 515 melancholicis
838 446 992 514 candidae
1018 446 1212 534 copiosiores
1233 457 1266 513 et

144 556 186 623 ad
207 555 335 622 vesicae
349 551 446 631 vitia3
469 550 673 638 Praxagoras
695 561 727 616 et
748 549 953 635 dysintericis
974 548 1073 619 dedit.
1096 548 1266 615 Arnbustis
1279 565 1310 610 cs

143 676 272 743 quoque
293 664 429 741 proumt
441 651 636 732 recentibus,
657 653 845 740 prinsquam
866 650 1001 737 pusulas
1014 649 1093 715 fiant
1114 672 1187 717 cum
1199 651 1267 719 sale

144 759 273 833 inlita03
295 755 402 821 ulcera
423 754 520 821 etlam
535 775 618 838 quae
633 763 767 839 serpunt
782 762 930 818 coercent
948 751 1040 817 initio
1061 774 1136 818 cum
1149 751 1265 839 aphro-

145 859 247 938 nitro,
276 878 353 922 mox
373 855 408 922 in
429 856 513 922 vino.
551 856 663 921 T1itae
684 855 753 941 igni
783 877 875 920 sacro
903 853 1091 931 inlinuntur,
1117 852 1267 918 convolsa

144 970 178 1025 et
198 960 310 1025 luxata
330 956 475 1023 caulibus
497 957 581 1024 tritis
596 979 669 1024 cum
689 955 818 1044 polenta
839 977 882 1023 ex
896 976 982 1040 aqua
998 954 1118 1041 frigida
1130 955 1266 1035 leniunt,

145 1061 329 1146 eruptiones
352 1059 544 1145 papularum
565 1081 606 1125 ex
628 1058 704 1124 vino
726 1069 758 1125 et
779 1059 918 1144 polenta.
940 1056 983 1122 In
997 1055 1125 1125 cholera
1138 1073 1312 1142 quoquest

145 1172 254 1228 coctas
275 1161 393 1248 patinis
416 1160 590 1239 dederunt,
613 1160 655 1225 ad
676 1159 763 1246 quod
789 1159 978 1225 utilissimae
1002 1179 1100 1243 quam
1125 1160 1268 1251 maxumi

144 1263 246 1329 caulis
273 1273 306 1329 et
326 1284 470 1341 amarae3
504 1261 636 1346 quidam
661 1260 744 1327 lacte
763 1259 948 1325 infundunt.
989 1259 1208 1330 Deiersefacti
1234 1261 1269 1328 bi

145 1363 253 1432 caules
275 1374 309 1429 et
328 1364 493 1433 stomacho
514 1361 677 1428 utilissimi
700 1361 881 1441 uaduntnr,
905 1361 990 1428 sicut
1012 1383 1125 1428 somno
1146 1364 1269 1432 aestiva

144 1487 295 1531 maxume
316 1465 444 1532 lactuca
463 1475 496 1530 et
515 1486 626 1530 amara
639 1464 826 1547 lacteusque
847 1484 944 1547 qnam
958 1462 1157 1529 meconidem
1171 1486 1268 1531 voca.

145 1566 260 1632 vimus.
303 1565 381 1632 Hoc
401 1568 483 1633 lacte
505 1576 538 1632 et
564 1564 730 1632 oculorum
752 1562 888 1629 claritati
910 1585 984 1630 cum
1009 1563 1157 1630 muliebri
1185 1564 1269 1631 lacta

144 1667 350 1735 utilissimum
385 1689 458 1736 esse
483 1666 696 1755 praecipitur,
723 1665 802 1730 dum
829 1663 1020 1749 tempestive
1049 1665 1147 1753 capiti
1172 1667 1269 1732 inun-

144 1777 275 1855 gsmtur,
297 1769 381 1834 oculi
403 1780 436 1835 et
456 1770 499 1834 ad
519 1768 599 1838 vitia
612 1789 695 1853 quae
710 1767 833 1854 frigore
854 1766 943 1832 iniis
957 1767 1043 1832 iacta
1063 1767 1135 1832 sint.
1163 1765 1268 1834 Miras
1282 1780 1313 1826 ⁶8

145 1881 177 1936 et
198 1870 277 1936 alias
298 1870 427 1937 invenio
456 1870 586 1949 laudes,
615 1870 755 1936 thoracis
776 1870 863 1938 vitiis
883 1869 1055 1956 prodesse,
1081 1891 1148 1935 non
1174 1890 1268 1939 secus

143 1990 241 2054 quam
262 1969 486 2051 habrotonum,
509 1992 583 2038 cum
603 1971 697 2037 melle
718 1971 842 2050 Attico,
864 1970 1057 2058 conpurgari
1078 1980 1111 2037 et
1130 1970 1268 2038 feminas

143 2069 205 2138 boo
227 2072 314 2152 cibo,
343 2096 452 2141 semen
480 2073 655 2139 sativarum
677 2083 790 2139 contra
819 2072 1004 2159 scorpiones
1031 2072 1117 2152 dari,
1146 2073 1286 2168 samina-

145 2176 220 2241 trito
241 2197 281 2240 ex
302 2175 378 2241 vino
399 2186 476 2263 poto
497 2186 530 2241 ct
550 2175 719 2240 libidinum
740 2174 988 2262 imaginationes
1009 2175 1043 2240 in
1057 2196 1169 2241 somno
1190 2194 1268 2241 con·

144 2276 251 2361 pasci,
292 2277 481 2362 temptantis
514 2297 615 2361 aquas
648 2298 713 2341 non
745 2297 863 2342 nocere
896 2277 1054 2342 lactucam
1087 2275 1268 2343 edentibus.

146 2373 289 2456 Quidam
311 2387 418 2442 tamen
439 2377 675 2462 frequentiores
695 2376 730 2441 in
752 2377 823 2444 cibo
845 2361 975 2443 officer‘e
999 2377 1136 2443 claritati
1158 2376 1267 2444 oculo·

145 2496 216 2540 rum
238 2475 447 2543 tradiderunt.

145 2645 260 2709 dissoluti,
278 2649 349 2699 cuius
365 2656 450 2699 tamen
465 2647 586 2712 loquendi
598 2649 697 2712 generis
708 2646 808 2697 nullum
820 2649 883 2698 mihi
895 2649 922 2698 in
933 2657 1052 2713 promptu
1063 2658 1102 2699 est
1113 2649 1267 2711 exemplum.

145 2717 216 2767 Mala
233 2717 436 2780 interpunctione
453 2717 552 2780 decepti
570 2724 596 2766 et
612 2715 749 2780 perturbati
769 2714 865 2765 librarii
885 2730 943 2765 cum
961 2717 1030 2765 hunc
1046 2716 1132 2766 locum
1150 2718 1269 2780 expedire

144 2798 198 2833 non
209 2792 320 2846 possent,
329 2784 444 2834 Kssriss
455 2784 663 2847 interpolationes
674 2783 797 2833 euotsvit:
809 2781 983 2861 quperopotac
994 2784 1035 2832 sel
1046 2799 1150 2864 oepporo
1163 2782 1269 2833 laem

145 2850 363 2923 asperitatem7et
372 2858 439 2900 aceto
451 2858 582 2914 temperant
592 2850 633 2901 sel
644 2866 748 2915 oxyporo
759 2848 838 2900 olem.
855 2850 935 2902 Hisce
942 2859 1093 2904 commentis
1101 2852 1270 2915 supensus

145 2934 217 2969 suam
229 2919 451 2983 interpolationem
463 2919 622 2970 schneider:
639 2915 779 2969 Stomacho«
789 2915 914 2968 dissolutos
924 2917 1048 2969 saluatus
1058 2915 1188 2983 esds'asoat,¹
1204 2918 1230 2969 a
1241 2934 1269 2969 so

145 3002 189 3034 asu
205 2993 229 3035 et
245 3002 349 3052 oxyporo
366 2984 436 3036 oleris
452 2986 550 3050 asperia
568 2984 627 3037 add.
644 2984 710 3035 dulci
724 2983 759 3034 ad
768 2984 890 3036 munchen
900 2994 966 3035 aceto
978 2994 1120 3050 temporum
1136 3001 1161 3037 v.
1173 2988 1206 3037 ad
1218 2985 1268 3038 00·

145 3055 242 3105 lumell.
255 3055 287 3104 de
299 3056 382 3105 arbor.
396 3061 419 3117 1,
433 3061 455 3104 l.
472 3071 497 3119 p.
511 3058 568 3105 673.
588 3095 619 3104 ..
637 3053 763 3116 iocosae,
775 3069 799 3104 a.
821 3052 972 3117 incessam,
984 3055 1037 3105 Td.
1061 3095 1094 3104 ..
1116 3054 1268 3118 amatistes

145 3119 272 3182 additas.
294 3122 424 3186 asperitate
435 3121 566 3182 additae
589 3162 623 3173 ...
644 3119 773 3181 scillitad.
799 3120 939 3185 scillitana.
961 3161 994 3175 ...
1019 3121 1191 3185 anteisset.
1214 3122 1269 3175 siae

145 3190 239 3248 catil.
259 3229 290 3243 ..
312 3189 470 3250 obsecutad.
493 3188 624 3251 αὸεαιίἰωε,
637 3205 660 3241 a.
679 3229 712 3243 ..-
732 3187 797 3252 siet,
809 3192 853 3243 sd.
870 3189 970 3255 etaim

179 3258 248 3318 §5⁶-
266 3255 381 3307 macenti
390 3254 455 3317 vitio,
467 3259 491 3307 d.
508 3255 632 3307 meridi
641 3256 706 3320 vitio,
717 3272 741 3309 s.
759 3297 792 3309 ...
809 3255 921 3320 qfondre,
934 3259 979 3311 ad.
996 3273 1051 3309 aare
1063 3257 1134 3317 niso,
1145 3274 1165 3313 r.

179 3324 194 3387 ξ
208 3327 248 3376 67.
271 3323 371 3388 potina,
383 3325 420 3375 sd
437 3321 561 3388 (Appul.)
579 3324 637 3375 Om.
648 3339 668 3375 r.
692 3365 724 3379 ,,
750 3323 851 3373 maximi
864 3323 948 3386 eodm,
962 3327 999 3376 ad
1016 3321 1139 3390 (appol.)
1165 3324 1269 3377 marma

145 3389 221 3452 acub,
237 3407 257 3441 r.
281 3431 312 3440 ..
340 3389 408 3452 locta
425 3392 469 3441 ad.
496 3389 560 3454 loeti,
580 3383 653 3443 OTr.
679 3389 728 3508 ssi’
743 3390 841 3456 Appul.
865 3433 897 3442 ..
924 3390 1100 3456 defervefacta,
1114 3392 1212 3457 Appul.
1236 3432 1268 3447 ..-

145 3474 232 3519 somm,
249 3459 323 3509 Tad.
347 3475 443 3520 mmmo,
459 3453 489 3520 β.
508 3499 541 3509 ..
567 3458 666 3520 amaea,
706 3459 793 3509 Tadr.
819 3458 907 3522 saduc,
922 3455 952 3523 β.
970 3499 1003 3511 ..
1029 3457 1216 3524 bctmsqmd.
1234 3501 1267 3517 ,.

145 3523 283 3589 metocides,
295 3541 317 3576 a.
335 3566 367 3579 ..
390 3542 509 3588 vocamus,
521 3528 545 3576 d.
567 3526 628 3576 Vid.
643 3531 682 3593 19,
697 3531 753 3576 126.
771 3566 803 3577 -
827 3523 895 3590 bete,
907 3530 951 3578 ad.
974 3525 1019 3589 tac,
1031 3523 1081 3593 βγ.
1100 3569 1132 3578 ..
1154 3524 1268 3583 etsscla·

145 3594 220 3656 rituti,
237 3609 259 3644 a
286 3592 502 3657 ad-claritatem‚
520 3593 551 3644 T.
571 3585 828 3665 wod-claritateac,
844 3595 869 3644 d.
892 3633 924 3645 ..
947 3593 1088 3661 percipitur,
1104 3611 1123 3646 r.
1152 3637 1178 3646 ..
1205 3593 1268 3658 data

145 3661 217 3712 Tad.
236 3668 328 3725 etcum,
340 3663 373 3715 K
393 3703 424 3712 ..
443 3661 583 3727 tempestive,
596 3663 640 3712 ad.
664 3659 807 3725 tempestiuo,
818 3662 849 3712 T.
872 3663 1030 3727 temporali.
1049 3705 1080 3713 -
1099 3663 1184 3726 capite,
1196 3664 1268 3715 Tad.

146 3727 283 3792 capitali.
303 3770 334 3779 ..
356 3729 508 3795 insequatur,
519 3731 573 3782 Ka
599 3729 640 3778 inu
672 3735 752 3788 antor,
768 3729 821 3780 Td.
840 3768 872 3779 ..
894 3727 1112 3795 ocalietodoits'o,
1128 3731 1181 3780 Td.
1208 3726 1271 3781 cest

146 3801 170 3842 et
180 3794 247 3855 aaa,
260 3812 283 3846 a.
301 3795 419 3845 mosam
431 3813 523 3863 qaoque
533 3796 604 3858 otas,
615 3798 642 3848 K
670 3810 694 3861 r.
718 3796 794 3859 Quod
806 3810 833 3848 ss
851 3797 920 3849 uitur
930 3794 967 3851 lis
978 3799 1100 3864 impedire
1111 3812 1164 3848 non
1176 3804 1269 3862 potest,

147 3862 281 3925 quominus
299 3864 414 3914 codicum
432 3865 582 3928 scripturam
597 3864 788 3930 interpolationi
847 3872 922 3930 gatae
936 3866 1120 3931 praeferamus3
1142 3881 1166 3915 v.
1183 3867 1215 3916 sd
1227 3870 1269 3929 32,

147 3935 188 3978 24.
208 3969 239 3977 -
258 3927 302 3990 tis,
314 3931 386 3981 Tad.
405 3972 436 3981 ..
455 3931 511 3994 sint,
523 3935 595 3984 Tad.
612 3940 674 3992 sant,
686 3928 736 3997 βγ.

180 3999 249 4058 §sa
268 3994 379 4056 ammo,
391 4000 436 4048 ad.
459 3997 652 4062 amatistes,
663 3995 713 4064 βγ.
732 4041 764 4051 -
782 4000 855 4063 aad,
866 4001 893 4050 d.
914 3998 994 4063 cta,
1006 4014 1030 4051 s.
1051 4039 1077 4048 -
1098 4015 1158 4058 am,
1170 4014 1193 4050 a
1210 3999 1268 4052 om.

147 4065 172 4113 d.
185 4104 216 4142 ·.·
230 4065 393 4142 commi,
406 4068 430 4114 d.
447 4080 499 4114 was
507 4067 620 4144 pwyari,
631 4083 655 4118 s.
666 4067 780 4132 parque-i,
792 4063 843 4132 βγ.
859 4109 891 4120 -
905 4074 971 4132 poto,
982 4068 1080 4132 appel.
1094 4074 1185 4131 petum,
1196 4069 1269 4120 Tsd.

147 4171 179 4180 ..
192 4139 341 4194 amstattoaea
353 4133 451 4197 Appnl.
465 4172 496 4182 ..
515 4137 688 4196 meameaad.
706 4135 840 4196 incibaT.
854 4175 885 4186 ...
903 4134 1024 4199 compesci,
1035 4136 1066 4185 Τ.
1084 4135 1269 4200 compescitad.

145 4206 332 4265 compescuntur,
347 4200 445 4265 Appnl.
470 4239 501 4250 ..
527 4201 639 4253 tataris
654 4203 775 4267 aquosi.
802 4201 915 4253 mantis
925 4202 1038 4266 aquina.
1061 4243 1092 4253 ..
1119 4201 1270 4266 incitasti
1311 4268 1316 4279 .

147 4264 271 4333 (Appul.)
283 4267 341 4323 Om.
353 4268 385 4318 T.
405 4306 436 4319 ..
454 4265 608 4330 elseitctaa
1047 4334 1064 4368 '5
