2896 4792
200 274 261 337 194
550 284 755 333 unruasnrs
776 284 972 333 merosum

196 439 388 506 Novembris
408 435 512 502 imbre
533 434 603 502 lieri
624 437 855 524 interpretatus
878 447 941 516 est,
975 458 1049 501 cum
1079 437 1121 502 sit
1141 460 1219 503 vera
1240 439 1321 503 ratio

196 563 260 608 non
281 541 373 628 prius
395 537 523 606 serendi
545 558 642 623 quam
663 538 739 603 lolia
764 539 928 624 coeperint
956 538 1114 604 decidere.
1148 538 1222 605 Hoc
1247 539 1320 624 ipso
1334 554 1384 602 aas

194 643 403 730 vergiliarum
424 662 543 705 occasu
563 639 633 704 fieri
654 649 771 726 putant
790 640 890 726 aliqui
912 662 941 704 a.
964 640 996 704 d.
1018 663 1065 704 111.
1082 639 1156 705 idus
1177 640 1320 707 Novem·

194 746 278 824 bris,
299 757 335 809 ut
357 742 508 820 diximus,
533 750 738 825 servantque,
761 742 913 826 quoniam
934 742 968 805 id
991 741 1080 806 sidus
1102 742 1199 807 etiam
1220 744 1320 809 vestis

194 847 322 912 institor
342 854 393 910 est
414 843 449 907 in
470 843 558 908 caelo
580 853 692 908 notatu
714 842 909 908 facillimum.
936 841 1027 929 Ergo
1050 865 1090 908 ex
1113 865 1229 910 occasu
1250 846 1320 910 eius

193 948 235 1015 de
256 948 362 1013 hieme
383 954 585 1033 augurantur
606 934 724 1028 quibus
746 956 796 1009 est
818 966 895 1010 cura
917 945 1090 1009 insidiandi
1111 947 1320 1031 negotiatoris

193 1046 365 1124 avaritiae3
387 1045 499 1110 nubilo
521 1066 638 1111 occasu
660 1045 841 1132 pluviosam
855 1046 990 1111 hiemem
1012 1046 1179 1111 denuntiat
1194 1047 1320 1112 statim·

193 1171 257 1234 que
271 1159 394 1236 augent
407 1150 608 1215 lacernarum
622 1147 736 1233 pretia,
760 1169 874 1213 sereno
894 1170 1052 1234 asperam,
1074 1159 1107 1212 et
1126 1149 1320 1233 reliquarum

192 1251 332 1317 vestium
360 1248 548 1315 accendunt.
582 1245 650 1313 Sed
677 1250 731 1313 ille
758 1250 904 1315 indocilis
927 1250 1008 1315 caeli
1029 1250 1170 1338 agricola
1191 1250 1252 1316 hoo
1274 1251 1319 1316 si-
1334 1264 1384 1310 226

197 1375 298 1441 gnum
319 1351 435 1418 habeat
455 1351 540 1415 inter
562 1372 638 1415 suos
660 1350 778 1436 vepris,
802 1352 998 1435 humumque
1020 1374 1110 1416 suam
1124 1352 1320 1438 adspiciens,

195 1477 271 1520 cum
292 1455 368 1519 folia
390 1453 550 1529 decident,
573 1451 692 1517 viderit
711 1452 855 1517 decidua
879 1449 935 1518 Sic
957 1452 1118 1525 iudicetur
1139 1453 1214 1517 anni
1238 1464 1320 1519 tem-

194 1554 316 1642 peries,
350 1553 427 1619 alibi
455 1550 595 1631 tardius,
625 1552 701 1617 alibi
728 1553 903 1631 maturius3
940 1553 986 1618 ita
1014 1553 1099 1618 enim
1128 1555 1264 1620 sentitur
1284 1565 1322 1618 ut

193 1657 273 1722 caeli
293 1656 420 1739 locique
442 1653 552 1719 adficit
573 1665 706 1732 natura,
735 1654 835 1738 idque
855 1655 890 1719 in
912 1655 973 1720 hac
994 1656 1116 1720 ratione
1139 1656 1319 1740 praecellet,

192 1757 280 1845 quod
302 1757 415 1822 eadem
437 1767 470 1822 st
490 1756 526 1820 in
547 1755 667 1820 mundo
689 1755 820 1840 publica
847 1766 950 1821 estet
972 1757 1146 1841 unicuique
1167 1757 1238 1822 loco
1261 1776 1319 1842 pc-

193 1858 332 1926 ouliaris.
367 1858 508 1924 Miretur
535 1858 596 1923 hoc
623 1857 679 1941 qui
706 1880 770 1921 non
797 1859 979 1923 meminerit
1004 1858 1076 1943 ipso
1103 1859 1240 1924 brumali
1268 1860 1320 1925 die
1334 1868 1383 1916 22⁷

192 1961 337 2049 puleium
358 1959 392 2023 in
415 1959 571 2043 carnariis
597 1958 725 2036 florere3
760 1958 841 2024 adeo
867 1959 947 2025 nihil
975 1960 1136 2025 occultum
1163 1983 1236 2026 esse
1261 1983 1320 2025 na-

194 2073 267 2128 tura
294 2058 412 2138 voluit,
442 2072 476 2126 et
501 2061 628 2127 serendi
656 2061 756 2148 igitur
782 2061 842 2127 hoo
869 2061 961 2126 dedit
985 2062 1123 2147 signum.
1157 2060 1251 2127 Haec
1272 2071 1322 2128 cst

193 2184 272 2229 vera
284 2162 518 2248 interpretatio,
534 2173 726 2248 argumenta
740 2174 874 2228 naturae
890 2185 998 2228 secum
1013 2162 1176 2239 adferens3
1200 2162 1321 2249 quippe

194 2264 242 2330 sie
264 2274 381 2329 terram
403 2264 470 2349 peti
493 2263 607 2328 suadet
626 2263 849 2348 promittitque
871 2264 1032 2348 quandam
1052 2265 1203 2330 stercoris
1217 2265 1321 2330 vicem

190 2375 228 2430 ¹et
241 2375 352 2431 contra
364 2365 490 2451 rigores
503 2375 623 2431 terram
637 2376 789 2450 satusque
803 2365 921 2453 operiri
936 2387 955 2430 a
970 2386 1005 2430 se
1019 2365 1199 2430 nuntiatae
1213 2374 1322 2429 monet

194 2466 357 2531 festinare.

238 2569 289 2633 61.
311 2567 418 2633 Varro
438 2566 471 2632 in
494 2568 588 2633 labae
609 2568 721 2652 utique
743 2579 816 2633 satu
837 2566 920 2633 hanc
940 2567 1197 2634 observationem
1212 2577 1320 2632 custo-
1334 2581 1384 2626 228

194 2668 256 2734 diri
278 2670 458 2756 praecepit3
488 2669 543 2734 alii
564 2671 660 2755 plena
680 2669 758 2735 luna
780 2668 965 2746 serendam,
992 2669 1110 2734 lentem
1132 2690 1208 2736 vero
1229 2689 1250 2732 a
1270 2667 1320 2732 vi-

195 2771 315 2836 cesima
337 2771 449 2855 quinta
470 2772 512 2837 ad
539 2771 748 2849 tricesimam,
782 2771 896 2836 viciam
925 2792 1053 2855 quoque
1079 2770 1198 2836 iisdem
1225 2769 1320 2833 lunae

244 2976 399 3040 Nouembrem
421 2994 468 3042 pro
486 2980 512 3029 h.
527 2992 553 3027 v.
576 2980 603 3028 ln
624 2980 710 3029 oodios
730 2994 746 3028 a
766 2987 804 3031 est
823 2980 933 3043 spatium
953 2994 1062 3029 vacuum
1083 2986 1204 3043 quattuor
1226 2978 1320 3027 littera-

195 3061 264 3107 rum,
280 3039 330 3096 θΤ
348 3043 435 3108 (codd.
453 3046 560 3097 Salmas.
578 3062 659 3096 exerc.
677 3062 702 3111 p.
722 3053 779 3097 516.
795 3048 820 3097 b.
832 3046 877 3111 B.)
895 3048 991 3097 habent
1006 3046 1073 3108 NR,
1094 3050 1183 3096 coda
1204 3048 1237 3095 ad
1254 3060 1320 3094 mar·

196 3138 282 3201 ginem
294 3139 325 3188 ab
341 3141 429 3189 eadem
441 3155 518 3190 mann
529 3137 564 3191 Ν.
576 3138 620 3202 R,
636 3142 703 3191 unde
714 3141 803 3191 Doleo.
816 3140 925 3190 coniecit
935 3140 1073 3204 legendum
1085 3155 1140 3192 esse
1152 3147 1237 3199 noster,
1250 3139 1320 3202 quod

196 3206 233 3256 lta
244 3206 270 3255 in
282 3210 338 3257 cod.
352 3209 368 3258 d
381 3216 481 3258 exstare
493 3209 554 3257 dicit
565 3207 620 3258 Ian.
640 3248 670 3256 -
689 3223 741 3256 cam
752 3207 793 3269 sit,
806 3225 829 3258 a.
847 3207 972 3271 consumit,
985 3209 1039 3259 Τὰ.

230 3301 316 3364 5226.
334 3300 389 3351 Hoc
399 3300 484 3364 ipsam,
496 3301 564 3351 Pint.
580 3341 612 3349 -
629 3316 721 3360 occasa,
735 3316 785 3351 om.
799 3302 822 3350 d.
842 3342 873 3350 -
892 3299 996 3350 diximus
1008 3309 1031 3362 2,
1046 3307 1102 3352 125.
1121 3341 1153 3350 -
1171 3305 1319 3360 remeatque,

196 3366 315 3430 quoniam,
330 3369 366 3418 ita
381 3384 428 3419 nos
441 3370 585 3432 scripsimus
597 3383 631 3418 ex
642 3369 784 3418 coniunctis
796 3370 861 3419 iuter
872 3385 899 3421 se
911 3371 1029 3419 codicum
1041 3369 1201 3419 lectionibus.
1223 3372 1321 3414 remant

196 3436 250 3498 qud,
262 3450 285 3486 a.
303 3444 450 3499 servantque,
463 3437 537 3500 Tdr.
554 3444 651 3485 sonant
662 3436 780 3498 quoniam,
792 3431 822 3497 β.
845 3434 1022 3499 observantque,
1033 3438 1101 3488 Pina
1120 3475 1151 3484 ..
1170 3433 1319 3491 institerat,

196 3504 254 3552 cod.
264 3502 381 3554 Tor-rent
394 3507 426 3555 ad
438 3505 508 3556 Suet.
520 3505 589 3567 Aug.
599 3511 640 3554 41.
653 3513 679 3554 et
690 3504 798 3555 Salmas.
810 3519 893 3554 exerc.
904 3521 929 3568 p.
940 3509 997 3556 517.
1007 3507 1031 3555 b.
1040 3506 1070 3554 F.
1089 3501 1214 3561 institores,
1223 3501 1318 3564 Tady.

197 3567 313 3618 institoris
328 3579 370 3632 eet,
386 3567 415 3633 β.
438 3573 538 3623 Deinde
555 3573 640 3622 statim
655 3573 788 3635 legebatur
802 3573 829 3624 in
844 3567 929 3634 adfly
946 3570 1058 3619 erectio
1073 3567 1145 3628 eaelo,
1162 3569 1205 3617 ubi
1221 3582 1269 3617 nos
1284 3582 1319 3617 ex

197 3638 342 3689 coniectura
358 3654 432 3690 voces
448 3648 472 3688 et
488 3648 523 3689 eut
535 3641 680 3703 omisimus,
696 3654 762 3706 quse
774 3655 807 3690 cx
820 3640 994 3702 dittographia
1005 3646 1031 3688 ct
1041 3637 1237 3700 interpolatione
1249 3645 1319 3684 ortae

197 3706 340 3757 orationem
356 3709 505 3770 languidam
519 3711 636 3759 reddunt.
656 3746 685 3756 -
712 3706 920 3772 capurioatur,d.
942 3745 973 3755 ..
1000 3704 1129 3766 uranicae,
1145 3705 1177 3754 K.
1204 3702 1319 3764 αυαῄτία,

197 3768 288 3836 αᾱβγ.
321 3775 504 3839 nepotiatma‘bae
521 3778 614 3826 omisso
632 3776 734 3837 onoma,
758 3776 827 3825 Pina
854 3814 886 3824 ..
916 3772 1060 3836 flavorum,
1076 3776 1121 3822 ad.
1146 3811 1177 3821 -
1211 3769 1319 3820 acerna·

197 3857 262 3902 rum,
280 3843 355 3893 Tad.
382 3842 542 3906 lucernorum,
559 3839 588 3905 β.
608 3884 639 3894 ..
666 3851 689 3892 et
706 3851 752 3892 tum
769 3840 927 3906 reliquarum,
944 3841 1033 3891 Dalec.
1059 3879 1090 3890 ..
1117 3838 1244 3901 accedunt,
1261 3841 1317 3888 cod.

197 3909 312 3960 'l'orrent

230 3979 316 4041 §22⁶-
333 3976 402 4039 coeli,
415 3979 497 4029 omitt
509 3979 562 4030 Τὰ.
582 4021 614 4029 -
636 3976 784 4038 dnodenaa.
807 3975 961 4039 deoidaaqd.
974 3972 1126 4041 Omittfly.
1145 4016 1176 4026 ...
1195 3973 1323 4033 indicetne,¹

196 4046 241 4095 sd.
259 4042 388 4107 Miratur,
398 4041 428 4106 β.
448 4087 479 4096 ..
498 4046 579 4111 efficit,
590 4064 611 4098 r.
629 4088 661 4098 -
677 4043 813 4110 porcellet,
824 4060 848 4095 a.
863 4043 995 4109 praecellit,
1007 4041 1080 4109 ᾱβγ.

230 4130 317 4192 §²2⁷-
340 4129 454 4195 palm,
470 4131 515 4181 ad.
540 4131 666 4196 pulsorum,
681 4124 732 4195 βγ.
752 4169 784 4179 -
810 4130 977 4189 ecoroaars'dr,
992 4132 1025 4181 K.
1044 4172 1075 4180 ..
1103 4124 1317 4194 orqameato,‘l'd.

197 4196 339 4260 myrmecia,
351 4214 374 4248 a
392 4207 563 4263 orqomcatam,
576 4195 626 4263 βγ.
647 4241 673 4249 -
697 4205 769 4258 terro,
781 4213 803 4248 a.
824 4239 854 4247 -
871 4199 1028 4262 promittique,
1041 4214 1064 4248 a.
1084 4239 1114 4248 -
1133 4204 1252 4257 ratasque,
1264 4193 1317 4242 Τὰ.

197 4270 342 4328 statuasque,
354 4282 377 4316 a.
388 4265 520 4331 flatusque,
531 4263 561 4329 β.
580 4308 611 4318 ..
630 4266 732 4331 operari,
745 4282 767 4317 a
788 4307 818 4316 -
837 4282 874 4328 oc,
886 4269 958 4317 Tad.
978 4275 1007 4328 ct,
1018 4263 1047 4328 β.
