2896 4792
185 267 246 333 188
534 282 737 330 NATURALIS
760 283 955 330 maronias

184 434 304 499 semine
327 433 475 497 fruticem
498 456 703 498 numerosum
725 434 866 499 fundunt
887 434 1084 516 densamque
1107 446 1250 520 segetem
1265 460 1305 501 ex

182 557 256 599 raro
284 535 404 600 semine
433 535 590 600 emittunt.
628 535 718 622 Ergo
746 535 829 599 inter
854 545 1006 618 quattuor
1035 546 1068 599 et
1098 559 1154 600 sex
1182 537 1305 602 modios
1319 557 1368 600 aoo

182 658 241 721 pro
264 646 378 700 natura
400 635 474 714 soli,
503 636 557 701 alii
584 637 725 720 quinque
747 659 812 700 non
833 635 940 700 minus
963 635 1026 701 seri
1048 637 1189 721 plurisve
1211 660 1304 722 prae-

183 737 322 823 cipiunt,
344 737 422 802 item
443 737 476 801 in
499 738 620 803 consito
643 750 700 802 aut
721 739 841 805 clivoso
862 750 918 802 aut
939 738 973 801 in
995 760 1113 802 macro.
1136 738 1212 803 Huc
1229 761 1304 824 per·

183 837 264 902 tinet
284 839 447 903 oraculum
468 838 548 911 illud
570 862 763 927 magnopere
790 839 1049 905 custodiendum:
1076 852 1242 924 „segetem
1262 865 1304 906 ne
1367 860 1368 863 ’

182 939 366 1005 defrudes.''
408 938 540 1006 Adiecit
571 940 622 1006 his
649 939 763 1006 Attius
796 941 830 1005 in
857 939 1046 1018 Praxidico,
1080 952 1116 1004 ut
1146 954 1305 1006 sereretur

182 1064 256 1106 cum
283 1041 360 1106 luna
387 1052 472 1110 esset
498 1043 531 1106 in
561 1042 676 1120 ariete,
709 1041 865 1128 geminis,
893 1043 1005 1120 leone,
1031 1041 1132 1119 libra,
1161 1043 1304 1125 aquario,

183 1140 368 1208 Zoroastres
390 1144 457 1209 sole
480 1144 656 1229 scorpionis
678 1143 847 1209 duodecim
868 1145 969 1229 partis
992 1155 1209 1229 transgresso,
1231 1166 1305 1209 oum

181 1240 258 1307 luna
279 1256 365 1308 esset
385 1245 420 1309 in
442 1255 543 1310 tauro.

150 1430 155 1439 ,
225 1345 276 1410 56.
301 1342 456 1430 Sequitur
477 1346 539 1411 buc
561 1346 659 1411 dilata
681 1358 712 1412 et
733 1368 884 1411 maxuma
897 1345 1047 1431 indigens
1062 1368 1139 1412 cura
1161 1347 1201 1411 de
1223 1358 1364 1412 tem-201

182 1465 259 1530 pore
281 1446 393 1534 fruges
415 1448 540 1512 serendi
555 1448 715 1531 quaestio,
739 1470 918 1536 magnaque
940 1470 981 1512 ex
1003 1459 1094 1533 parte
1116 1449 1238 1514 ratione
1260 1450 1303 1514 si-

181 1546 294 1612 derum
326 1571 486 1627 connexa,
519 1548 725 1634 quamobrem
752 1549 927 1615 sententias
959 1549 1102 1615 omnium
1130 1550 1163 1613 in
1191 1550 1304 1634 primis

181 1648 223 1713 ad
249 1650 284 1713 id
310 1650 501 1737 pertinentis
528 1673 738 1737 exponemus.
766 1651 931 1717 Hesiodus
952 1650 1008 1734 qui
1030 1651 1179 1736 princeps
1201 1650 1303 1715 bomi-

181 1772 258 1815 num
286 1752 327 1816 de
354 1751 552 1839 agricultura
579 1752 736 1838 praecipit
764 1775 864 1816 unum
894 1763 1021 1837 tempus
1048 1751 1175 1816 serendi
1204 1751 1303 1814 tradi-

116 1917 120 1923 ,
181 1850 230 1915 dit
250 1875 270 1916 a
291 1853 496 1940 vergiliarum
517 1875 651 1932 occasu3
681 1853 842 1919 scribebat
869 1853 954 1919 enim
975 1855 1009 1918 in
1031 1852 1168 1918 Boeotia
1189 1851 1304 1918 Hella-

181 1950 242 2029 dis,
265 1951 321 2018 ubi
341 1955 387 2019 ita
409 1955 471 2020 seri
492 1954 643 2020 diximus.
676 1955 764 2021 Inter
791 1955 1053 2042 diligentissimos
1076 1955 1241 2032 convenit,
1268 1966 1304 2019 ut
1318 1969 1367 2014 202

181 2053 215 2119 in
237 2054 349 2120 alitum
370 2056 668 2143 quadripedumque
689 2057 856 2145 genitura,
888 2078 957 2123 esse
985 2056 1142 2140 quosdam
1163 2056 1205 2120 ad
1226 2079 1303 2121 con-

183 2166 312 2242 ceptum
331 2157 460 2244 inpetus
482 2169 515 2225 et
537 2168 659 2234 terrae3
681 2159 743 2223 hoc
765 2155 885 2225 Graeci
907 2159 953 2223 ita
975 2159 1143 2238 definiunt,
1167 2182 1240 2224 cum
1263 2158 1305 2223 sit

182 2257 286 2323 calida
307 2270 340 2324 et
360 2260 478 2326 umida.
502 2258 669 2348 Vergilius
689 2260 831 2325 triticum
854 2271 887 2326 et
908 2262 959 2325 far
980 2283 999 2324 a
1021 2260 1226 2346 vergiliarum
1248 2283 1303 2326 oc·

183 2378 261 2423 casu
284 2361 346 2425 seri
364 2360 466 2440 iubet,
489 2361 644 2427 hordeum
661 2360 746 2427 inter
765 2362 1001 2446 aequinoctium
1020 2361 1165 2427 autumni
1180 2372 1213 2426 et
1225 2361 1304 2426 bru·

183 2482 278 2540 mam,
301 2462 416 2528 viciam
437 2485 529 2540 vero,
552 2462 714 2549 phasiolos
735 2474 768 2528 et
788 2464 907 2529 lentem
928 2463 1022 2528 boote
1037 2462 1202 2528 occidente
1208 2487 1217 2539 3
1241 2485 1304 2546 quo

183 2561 221 2627 fit
246 2572 283 2627 ut
307 2563 421 2631 horum
446 2564 588 2630 siderum
616 2564 813 2648 aliorumque
841 2573 972 2631 exortus
1001 2575 1033 2629 et
1054 2585 1190 2630 occasus
1212 2564 1304 2649 dige-

183 2663 275 2729 rendi
298 2666 416 2730 sintin
439 2688 515 2732 suos
537 2665 616 2731 dies.
651 2662 736 2730 Sunt
758 2666 814 2750 qui
835 2678 867 2731 et
888 2675 963 2731 ante
984 2665 1190 2752 vergiliarum
1211 2686 1305 2731 occa·
1318 2677 1367 2721 203

184 2787 256 2829 sum
278 2766 341 2831 seri
367 2767 514 2846 iubeant,
542 2766 709 2831 dumtaxat
735 2767 769 2832 in
797 2766 887 2831 arida
915 2778 1001 2832 terra
1027 2766 1203 2850 calidisque
1229 2788 1305 2851 pro·

183 2865 298 2932 vinciis
305 2891 314 2942 ;
348 2866 503 2932 custodiri
530 2867 615 2932 enim
642 2889 752 2932 semen
784 2889 848 2932 non
881 2878 1110 2952 conrumpente
1136 2889 1247 2932 umore
1275 2876 1307 2930 et

184 2988 381 3052 aproxumo
402 2967 505 3034 imbre
526 2990 590 3034 uno
612 2966 664 3032 die
692 2990 877 3054 erumpere3
906 2969 959 3034 alii
987 2969 1096 3034 statim
1122 2968 1163 3032 ab
1190 2989 1307 3033 occasu

217 3172 310 3233 sanine,
325 3166 405 3225 θΤᾱ.
422 3174 523 3238 reminis,
535 3172 584 3237 ad.
594 3215 626 3224 -
636 3173 760 3238 fruticem,
775 3168 855 3226 9Το.
873 3173 963 3238 radice,
975 3192 997 3225 a.
1015 3174 1224 3240 radicesrutr'cem‚
1233 3170 1262 3235 β.
1275 3215 1305 3222 ..

184 3254 222 3301 er,
233 3240 280 3289 ad.
302 3255 322 3302 e,
333 3237 385 3305 βγ.
405 3284 435 3293 -
458 3242 579 3303 Omittant,
591 3244 638 3304 ad,
650 3252 679 3292 ut
690 3243 751 3293 hine
761 3258 830 3292 nova
841 3244 960 3307 periodus
972 3240 1082 3308 incipiat.

218 3343 233 3404 ξ
246 3346 304 3391 200.
328 3358 373 3406 pro
385 3342 534 3406 natarali,
546 3344 571 3393 d.
592 3349 697 3407 ponamr
708 3359 732 3402 a,
745 3359 768 3392 a.
791 3385 823 3393 -
853 3342 900 3392 altr·
909 3343 1012 3407 quiaque
1023 3359 1084 3407 aon;
1096 3359 1142 3408 pro
1156 3344 1196 3394 his
1208 3360 1247 3393 vv.
1260 3344 1305 3392 ha-

184 3408 246 3458 bent
257 3409 341 3470 quinta
351 3411 396 3459 ad.
417 3450 443 3458 -
463 3409 589 3474 plasead.
606 3453 638 3461 -
657 3409 805 3470 autclivmo,
817 3427 840 3460 a.
859 3409 986 3471 atellanae,
998 3413 1051 3462 Ta
1071 3452 1101 3460 -
1121 3418 1169 3469 cot,
1181 3411 1270 3460 Dalec.
1283 3426 1306 3458 a.

185 3482 218 3537 ut,
231 3471 303 3538 ἁβγ.
322 3518 353 3526 -
376 3477 553 3536 Huc,Barbar.
577 3477 638 3538 Hoc,
651 3479 695 3528 ad.
715 3519 747 3527 ..
770 3477 889 3527 maccam
901 3476 963 3528 illud
973 3478 1079 3529 Catonis
1091 3481 1122 3527 de
1134 3493 1160 3526 re
1171 3485 1233 3526 rust
1247 3483 1270 3535 5,
1283 3483 1306 3524 4.

187 3583 217 3593 ..
242 3541 362 3607 defroder,
379 3545 524 3596 Schneider.
542 3553 567 3595 et
579 3547 666 3596 Klota.
678 3546 705 3595 in
716 3546 790 3595 Iahn.
803 3546 895 3596 horreo
910 3552 950 3607 10,
964 3551 1004 3596 62.
1031 3544 1149 3607 dest-aper,
1162 3538 1255 3606 adssy.
1275 3585 1306 3591 -

186 3608 222 3658 tu
233 3609 324 3672 Attius,
339 3605 368 3661 θ.
386 3611 416 3661 iis
427 3611 516 3674 Attius,
530 3614 553 3662 d
572 3613 602 3662 r'r'r
613 3610 707 3674 Actius,
718 3614 751 3663 K
770 3613 892 3675 intortius,
905 3629 929 3662 a.
946 3612 977 3662 ir's
988 3611 1083 3671 Accius,
1095 3606 1145 3673 βγ.
1160 3651 1190 3658 ..
1210 3617 1236 3657 ut
1246 3626 1307 3658 scre-

186 3684 252 3727 retur
263 3680 321 3742 rel.;
333 3680 470 3730 Hermann.
481 3681 512 3730 de
523 3680 553 3730 L.
567 3682 630 3730 Attii
642 3682 711 3731 libris
723 3681 895 3732 didascalicon
906 3695 930 3744 p.
944 3687 968 3730 4.
981 3681 1044 3730 baec
1055 3679 1132 3728 verba
1142 3678 1178 3727 ita
1190 3679 1222 3727 ab
1235 3679 1308 3728 Attio

186 3746 281 3810 scripta
292 3747 369 3797 lause
382 3755 480 3797 censet:

1379 3397 1393 3428 N

602 3809 688 3874 re'rere,
705 3831 756 3865 cam
769 3823 803 3863 ert

311 3948 316 3959 ι
339 3871 413 3930 Ldrra
424 3880 449 3930 ia
458 3877 540 3960 aricte',
551 3882 657 3947 pemiarlr,
670 3873 740 3961 ledae,
753 3881 823 3961 lepra,
835 3872 945 3997 wrm.
964 3920 995 3931 ..
1191 3948 1196 3958 Ι

188 3947 335 4006 Zacorum,
347 3951 371 3998 d.
389 3948 552 4011 Zoroastreos,
564 3967 586 4000 a.
608 3991 637 4000 -
656 3965 785 4013 scorpaena
795 3947 841 3998 duo
925 3956 1016 4011 parter,
1028 3949 1073 3998 ad.
1097 3947 1217 3998 duodecem
1228 3956 1311 4013 partes

187 4015 325 4079 armana,
336 4012 401 4080 dr.

223 4118 308 4179 5201.
327 4114 417 4179 delata,
430 4134 453 4168 a.
468 4159 498 4168 ..
516 4117 629 4168 ravandi
647 4121 691 4168 ad.
704 4158 735 4166 ..
754 4133 851 4178 corma,
864 4133 887 4168 a.
901 4158 932 4168 ..
948 4116 1067 4169 Hesiodus
1079 4134 1138 4183 opp.
1152 4127 1177 4168 et
1189 4119 1241 4168 dics
1253 4124 1311 4168 384.

191 4222 222 4231 ..
238 4183 338 4246 primur,
353 4178 401 4234 0²,
421 4225 451 4235 ..
470 4185 595 4248 bominum,
610 4156 635 4234 d
643 4183 672 4247 (a
683 4198 762 4235 manu
773 4183 898 4249 secunda)
910 4188 983 4238 Tad.
1001 4186 1111 4247 omnium,
1122 4181 1172 4250 βγ.
1194 4226 1224 4235 -
1240 4201 1312 4248 prae·

191 4249 256 4313 ⁶¹l’lb
268 4252 341 4303 Tstd·
357 4253 487 4318 P'WPlb
498 4250 550 4319 fir·
569 4294 600 4304 ..
619 4250 731 4316 reddidit,
743 4255 779 4303 a'.
799 4295 830 4304 -
848 4254 945 4319 Boetia,
957 4272 980 4306 a.
1000 4295 1030 4305 ..
1050 4253 1153 4303 dirimas
1165 4254 1179 4314 ξ
1193 4257 1233 4303 40.
