2896 4792
133 254 173 319 92
485 269 690 318 sarnanum
712 269 908 319 nrsronmn

131 420 299 487 intervallo
326 420 416 486 dedit
443 421 584 504 undique
608 432 666 486 aut
691 422 726 487 in
755 408 863 488 m'aoro
892 422 960 488 solo
985 444 1024 487 ac
1050 420 1131 485 duro
1154 422 1256 506 ‘atque

132 533 280 600 ventoso,
314 544 387 587 cum
417 521 608 602 minumum,
643 545 718 589 xnv.
756 523 890 589 Baetica
916 523 1047 607 quidem
1075 521 1256 589 uberrimas
1270 542 1303 586 oa

74 626 77 629 ’
132 622 245 688 messis
274 622 359 689 inter
387 624 474 688 oleas
500 625 600 689 metit.
636 623 729 688 Illam
755 624 957 690 inscientiam
978 623 1163 709 pudendam
1183 645 1257 690 esse

132 723 300 791 conveniet
321 724 446 790 adultas
468 726 658 791 interlucare
679 726 765 791 iusto
784 727 859 813 plus
879 736 912 792 et
933 726 968 790 in
984 735 1145 791 senectam
1160 745 1258 808 pras·

132 823 266 910 cipitare
285 836 357 902 aut,
385 827 573 911 plerumque
594 826 676 911 ipsis
698 826 754 911 qui
776 849 912 912 posuere
934 824 1184 914 coarguentibus
1204 826 1256 890 in-

132 926 282 1013 peritiam
309 949 417 1006 suam,
448 936 532 992 totas
561 927 721 994 excidere.
757 927 845 993 Nihil
874 939 924 994 est
952 928 1079 992 foedius
1106 926 1257 1012 agricolis

133 1048 231 1111 quam
251 1039 364 1116 gestas
385 1028 432 1094 rai
453 1029 666 1114 paenitentia,
696 1029 797 1095 multo
817 1030 883 1095 iam
904 1040 941 1094 ut
955 1038 1105 1116 praestet
1125 1029 1258 1094 laxitate

133 1128 330 1213 delinquere.

174 1229 275 1295 XIII.
310 1231 361 1295 20.
396 1228 566 1312 Quaedam
593 1241 702 1295 autem
729 1243 844 1296 natura
870 1230 960 1296 tarde
988 1241 1136 1296 crescunt
1163 1242 1195 1296 at
1221 1229 1258 1296 in
1270 1246 1303 1293 ao

132 1331 245 1419 primis
267 1332 387 1398 semine
411 1342 535 1396 tantum
555 1332 723 1397 nascentia
744 1344 777 1398 et
796 1333 894 1421 longo
915 1354 995 1397 aevo
1016 1332 1173 1397 durantia.
1207 1331 1259 1399 At

134 1455 216 1518 quae
231 1433 295 1499 cito
309 1433 462 1499 occidunt
475 1433 598 1499 velocia
614 1445 698 1513 sunt,
717 1444 754 1499 ut
767 1434 859 1513 ficus,
880 1434 1009 1520 punica,
1032 1455 1165 1519 prunus,
1187 1456 1257 1497 ma·

132 1535 200 1611 lus,
223 1534 329 1620 pirus,
356 1545 496 1620 myrtus,
528 1536 622 1614 salix,
651 1545 814 1601 ettamen
835 1534 1031 1601 antecedunt
1052 1534 1172 1599 divitiis
1179 1559 1189 1613 ;
1221 1534 1258 1599 in

134 1637 265 1703 trimatu
287 1637 373 1702 enim
393 1638 477 1703 ferre
498 1636 658 1722 incipiunt
678 1638 885 1703 ostendentes
900 1646 931 1702 et
945 1647 1028 1701 ante.
1055 1635 1109 1700 Ex
1122 1633 1173 1699 his
1187 1636 1258 1700 len·

135 1737 259 1804 tissima
273 1749 323 1804 est
337 1738 436 1823 pirus.
465 1734 627 1802 Oeissima
647 1736 789 1801 omnium
807 1736 939 1822 cypirus
954 1747 987 1802 et
1000 1735 1258 1823 pseudocypirus

134 1840 258 1915 frutex;
288 1839 435 1925 protinus
458 1838 544 1903 enim
564 1837 657 1902 floret
679 1860 852 1923 semenque
873 1839 1015 1925 perlem
1048 1836 1155 1902 omnia
1180 1858 1259 1902 vero

135 1940 270 2006 celerius
303 1939 491 2005 adulescunt
524 1939 700 2005 stolonibus
732 1938 848 2005 ablatis
875 1961 1035 2023 unamque
1062 1938 1097 2003 in
1125 1938 1259 2025 stirpem

135 2041 276 2108 redactis
298 2041 468 2106 alimentis.
789 2111 792 2115 ,

178 2144 230 2208 21.
252 2143 378 2207 Eadem
398 2152 513 2207 natura
533 2153 566 2206 et
580 2141 776 2228 propagines
791 2141 907 2208 docuit
930 2140 1017 2207 Rubi
1030 2163 1169 2226 namque
1183 2164 1258 2207 cur-
1271 2157 1304 2203 eo

134 2245 200 2310 vati
222 2244 400 2330 gracilitate
422 2254 453 2308 et
476 2243 571 2308 simul
591 2242 787 2329 proceritate
808 2243 908 2307 nimia
928 2243 1075 2329 defigunt
1096 2265 1209 2307 rursus
1222 2242 1259 2306 in

136 2357 254 2411 terram
275 2346 381 2431 capita
401 2345 583 2428 iterumque
611 2354 787 2410 nascuntur
808 2367 850 2410 ex
871 2366 944 2410 sese
965 2344 1119 2430 repleturi
1140 2342 1258 2421 omnia,

135 2446 168 2511 ni
191 2447 321 2512 resistat
342 2445 477 2524 cultura,
507 2468 640 2532 prorsus
661 2456 698 2509 ut
720 2445 846 2530 possint
866 2445 967 2511 videri
988 2445 1133 2511 homines
1155 2454 1259 2510 terrae

135 2570 234 2614 causa
254 2547 370 2635 geniti3
398 2548 444 2612 ita
469 2548 611 2634 pessima
639 2557 734 2631 atquc
756 2549 955 2613 exsecranda
975 2570 1027 2612 res
1047 2545 1260 2634 propaginem

136 2659 245 2716 tamen
265 2649 376 2715 docuit
394 2672 434 2715 ac
450 2648 673 2725 viviradicem
695 2649 810 2715 eadem
823 2659 931 2715 autem
943 2658 1060 2712 natura
1073 2659 1106 2713 et
1119 2645 1258 2712 hederis.

72 2808 77 2817 .
135 2748 220 2817 Cato
242 2750 417 2837 propagari
439 2761 567 2837 praeter
588 2751 689 2816 vitem
710 2751 808 2816 tradit
828 2751 935 2828 ficum,
958 2750 1071 2828 oleam,
1093 2748 1257 2833 punicam,
1272 2760 1304 2808 ⁹7

134 2855 291 2920 malorum
305 2875 427 2941 genera
439 2853 557 2931 omnia,
572 2853 693 2932 laurus,
712 2875 861 2938 prunum,
882 2860 1034 2935 myrtum,
1057 2871 1155 2914 nuces
1169 2848 1259 2914 abal·

135 2954 226 3020 lanas
252 2966 285 3021 et
310 2954 554 3031 Praenestinas,
581 2955 756 3039 platanum.
791 2951 1014 3040 Propaginum
1040 2950 1106 3016 duo
1127 2970 1258 3036 genem,

170 3169 219 3221 aut,
232 3163 306 3212 Tad.
325 3169 371 3223 cst,
383 3179 403 3212 r.
421 3161 501 3224 etiam,
512 3158 542 3224 β,

170 3232 238 3295 §tt
264 3228 453 3288 inscientiam.
471 3230 602 3291 remuriam,
617 3222 662 3280 91.
686 3228 814 3292 inscitiam,
826 3224 875 3291 1119.
895 3269 926 3278 ...
950 3228 1069 3289 romald
1088 3266 1120 3275 -
1144 3238 1195 3274 crem
1207 3221 1261 3273 oeli

136 3305 166 3358 et,
178 3299 223 3347 ad
232 3338 264 3348 ..
274 3295 423 3356 interlucare,
433 3299 507 3349 codd.
518 3298 575 3349 Gel.
593 3295 752 3358 interlactare,
761 3298 834 3348 Tad.
853 3296 915 3345 inter
925 3311 975 3344 rere
987 3292 1081 3355 lactari,
1089 3295 1123 3344 Κ.
1134 3333 1165 3342 ..
1175 3299 1224 3352 out,
1235 3292 1260 3341 d.
1317 3340 1322 3349 ,

136 3372 180 3413 aut
191 3371 224 3426 at,
235 3381 259 3426 a,
276 3368 346 3428 quod
361 3367 447 3416 nescio
459 3382 493 3416 an
504 3368 537 3416 sit
547 3367 729 3429 recipiendum,
745 3366 782 3416 ita
797 3372 826 3414 nt
837 3365 962 3428 particula
972 3371 998 3412 nt
1008 3364 1035 3412 ln
1048 3363 1065 3411 l
1078 3364 1168 3412 eodem
1180 3360 1259 3409 modo

136 3433 189 3482 vim
204 3434 314 3483 adverbii
326 3431 465 3498 plerumque
476 3442 576 3497 augeat,
588 3434 626 3483 uti
637 3434 730 3484 similia
740 3435 808 3498 apud
819 3433 933 3484 Plinium
944 3433 1072 3494 leguntur,
1090 3431 1122 3479 de
1134 3427 1225 3492 quibus
1236 3441 1261 3476 r.

138 3502 171 3550 ad
184 3507 225 3560 ³3,
238 3506 278 3549 25.
298 3541 329 3549 -
348 3501 553 3565 quoaryuentrbus,
566 3517 589 3550 a.
610 3542 640 3550 ..
651 3500 738 3564 fidius,
751 3503 796 3551 ad.
815 3543 846 3550 -
870 3500 1017 3560 caeteaad.
1035 3537 1067 3546 -
1087 3495 1260 3560 permanan

139 3609 169 3618 ..
188 3559 374 3627 iam‚0'1'adr.
393 3570 452 3620 0111.
464 3564 494 3631 β.
508 3610 539 3618 ..
559 3567 666 3631 diritate,
679 3572 703 3620 d.
721 3567 828 3629 lemtati,
840 3585 863 3617 a.
880 3566 988 3627 1112111111,
1004 3558 1049 3615 Or.
1068 3605 1099 3613 -
1117 3561 1261 3625 delinquere,

138 3639 185 3695 ad.
204 3633 330 3700 delinyera
346 3629 374 3685 θ.
392 3635 562 3700 derelinquere,
574 3653 594 3687 r.

172 3702 240 3769 ΗΒ.
268 3701 449 3763 decidunt,Td.
468 3746 499 3753 -
520 3703 598 3768 pirus,
610 3706 634 3753 d.
654 3699 815 3765 pinas,Tar.
835 3742 866 3750 ..
890 3699 1038 3764 incipitad.
1061 3737 1093 3746 ..
1116 3693 1262 3745 ostendentes

140 3778 164 3820 at
175 3779 237 3831 anta
250 3774 274 3822 d.
292 3768 414 3820 ostendens
424 3779 509 3832 stante,
521 3788 544 3821 a.
562 3813 593 3820 -
613 3778 648 3820 est
655 3769 732 3834 pirus,
744 3771 834 3823 Tadr.
848 3767 926 3833 pirae,
937 3762 990 3831 βγ.
1010 3807 1041 3814 -
1059 3765 1168 3824 onniam,
1180 3779 1203 3813 a.
1226 3771 1262 3812 est

139 3838 283 3900 omninmd.
308 3878 340 3889 ..
366 3839 468 3904 cypirm,
481 3841 525 3888 ad
552 3838 699 3903 cypriuaD.
726 3852 818 3902 cyprus,
832 3836 939 3888 Salmas.
952 3849 1035 3883 exerc.
1047 3848 1072 3897 p.
1087 3836 1143 3883 704,
1155 3833 1181 3882 b.
1193 3833 1222 3882 F.
1235 3839 1263 3881 st

140 3908 244 4036 depyle
254 3922 280 4021 p
294 3913 334 3956 90.
348 3923 370 3956 a.
381 3909 420 3968 F,
432 3921 457 3972 γ.
478 3948 508 3956 -
529 3903 733 3970 psendecapirr'ns,
745 3904 849 3954 D'l'ad.
870 3899 1052 3967 psmdocypras,
1065 3900 1172 3951 Salmas.
1185 3913 1210 3964 γ.
1229 3941 1260 3952 .-

156 3982 238 4033 erert,
725 3984 728 3989 '

138 3991 242 4104 p§96.
268 4041 395 4105 repbntar,
408 4045 432 4092 d.
452 4083 482 4090 -
506 4038 585 4089 videri
591 4038 692 4103 pertint,
704 4041 728 4088 (1.
748 4079 779 4087 -
802 4034 964 4096 viviradicem,
976 4036 1008 4086 T.
1035 4035 1134 4086 uiridem
1150 4035 1263 4097 radicem,

141 4111 202 4162 adr.
222 4150 253 4157 -
272 4117 360 4158 natura
371 4117 394 4158 et
404 4108 506 4169 ledert'er,
517 4109 554 4158 ita
565 4120 613 4157 nos
625 4107 776 4171 scripsimus.
795 4111 879 4165 nature
892 4102 984 4166 tederis,
996 4106 1021 4155 d.
1039 4111 1124 4154 nutare
1134 4102 1227 4166 tederis,
1239 4119 1262 4152 a.

141 4182 230 4228 naara
241 4173 432 4243 estederis,ss7.

176 4247 244 4309 §92
274 4241 538 4298 Ontodererust.5l.
553 4249 608 4294 138.
633 4282 664 4292 ..
686 4240 945 4305 punicamcotoneanr,
961 4242 1028 4294 Pint.
1053 4281 1084 4290 ..
1107 4238 1198 4301 barus,
1213 4231 1263 4289 Oa.

279 3991 302 4024 a.
316 3974 418 4039 profert,
431 3969 502 4039 dssr.
