2896 4792
196 266 258 330 246
350 332 358 356 κ
551 281 754 327 utrumme
777 282 973 329 ruscorum:

194 444 302 524 gutur,
323 433 413 498 intus
434 431 581 510 candido,
603 455 678 496 mox
701 432 917 512 translucente
939 443 1032 520 gutta
1054 456 1200 518 quaeque
1220 436 1319 502 saliva

195 535 361 609 celerrime
381 533 549 617 liquescat
580 531 671 599 Usus
691 533 725 597 in
747 533 856 599 multis
878 534 1152 600 medicaminibus.

237 638 288 701 17.
322 632 407 700 Sunt
439 635 613 700 etiamnum
643 635 707 700 duc
742 657 863 722 genera
894 658 959 705 non
990 635 1053 701 nisi
1087 637 1217 702 sordido
1244 650 1366 704 nourr

194 740 308 825 volgo,
335 759 409 803 cum
435 746 571 820 quaestu
596 736 732 819 multum
754 736 912 822 polleant,
945 736 979 800 in
1006 736 1119 823 primis
1140 738 1235 803 rubia
1256 740 1320 805 tin·

194 839 334 929 guendis
364 838 445 905 lanis
474 848 507 902 et
538 836 632 902 coriis
662 837 861 913 necessarla3
897 837 1118 904 laudatissima
1145 839 1259 906 Italica
1288 853 1322 908 et

194 963 346 1009 maxume
368 938 567 1018 suburbana,
595 948 628 1003 et
649 961 758 1004 omnes
785 961 889 1025 paene
915 938 1099 1025 provinciae
1125 952 1251 1007 scatent
1272 966 1322 1009 ea.

139 1110 142 1115 ,
195 1041 321 1129 Sponte
342 1040 490 1128 provenit
512 1039 692 1123 seriturque
716 1040 922 1106 similitudine
944 1040 1088 1119 erviliae,
1118 1064 1230 1108 verum
1253 1045 1320 1128 spi-
1357 1100 1360 1104 1

106 1192 109 1197 -
195 1167 294 1211 nosue
321 1143 352 1209 ei
378 1142 497 1220 caulis;
534 1140 736 1226 geniculatus
767 1141 820 1206 hic
853 1153 901 1207 est
925 1141 1033 1225 quinis
1061 1143 1146 1208 circa
1171 1145 1334 1227 articmos

194 1246 230 1310 in
249 1243 328 1310 orbe
343 1243 445 1318 foliise
468 1264 577 1308 semen
595 1241 665 1307 eius
680 1241 813 1308 rubrum
832 1255 889 1306 est.
914 1240 1006 1322 Quos
1020 1243 1053 1307 in
1068 1244 1226 1310 medicina
1240 1268 1321 1312 usus

195 1346 328 1422 habeat,
348 1344 492 1410 disemus
513 1365 571 1410 suo
592 1343 672 1408 loco.

240 1446 291 1511 18.
318 1445 366 1510 At
386 1466 470 1529 quae
492 1453 624 1509 vocatur
653 1442 797 1509 radicula
823 1444 970 1511 lavandis
998 1445 1127 1511 demum
1154 1446 1237 1511 lanis
1265 1470 1320 1514 su·
1334 1464 1367 1509 48

195 1542 271 1614 cu'm
286 1545 404 1637 babet,
432 1547 548 1613 mirum
569 1557 725 1630 quantum
752 1545 922 1612 conferens
942 1546 1075 1612 candori
1096 1548 1319 1632 mollitiasque.

195 1647 348 1715 Nascitur
367 1648 469 1715 sativa
490 1646 609 1730 ubique
631 1646 689 1712 sed
709 1658 826 1732 sponte
848 1648 1023 1733 praecipua
1042 1649 1078 1717 in
1099 1649 1182 1716 Asia
1206 1646 1321 1734 Syris·

197 1772 276 1833 que,
298 1750 424 1816 saxosis
444 1758 478 1813 et
498 1747 622 1834 asperis
643 1746 736 1825 locis,
760 1759 848 1812 trans
869 1748 1057 1834 Euphraten
1080 1761 1187 1816 tamen
1207 1750 1320 1817 lauda-

197 1851 330 1929 tissima,
353 1849 444 1915 caule
460 1848 641 1928 ferulaceo,
664 1849 752 1914 tenni
773 1859 805 1914 et
824 1849 908 1936 ipso,
930 1850 1011 1917 cibis
1024 1851 1249 1940 indigenarum
1263 1876 1320 1920 ex·

128 1939 133 1948 ⁴
197 1951 301 2040 petito
323 1962 356 2017 et
377 1950 561 2037 unguentis,
584 1948 743 2034 quidquid
765 1950 808 2016 sit
829 1973 902 2017 cum
923 1973 988 2036 quo
1009 1952 1221 2037 decoquatur,
1244 1955 1321 2021 folio

197 2053 296 2118 oleae.
320 2048 488 2119 Struthion
504 2050 623 2118 Graeci
637 2062 769 2129 vocant3
792 2052 884 2118 floret
898 2064 1030 2131 aestate,
1046 2066 1139 2142 grata
1153 2056 1321 2141 adspectu,

198 2175 311 2219 verum
332 2154 402 2220 sine
424 2155 532 2232 odore,
555 2153 685 2242 spinosa
706 2165 739 2219 et
755 2154 846 2219 caule
860 2154 1031 2242 lanuginis
1055 2153 1174 2223 Semen
1197 2157 1227 2223 ei
1248 2157 1320 2223 nul·
1357 2224 1371 2245 ,Ι

198 2254 276 2330 lum,
298 2255 391 2320 radix
411 2240 530 2342 mbgna
551 2277 635 2339 quae
656 2254 837 2321 conciditur
850 2256 892 2321 ad
907 2277 1003 2340 quem
1019 2257 1138 2323 dictum
1153 2270 1202 2322 est
1216 2280 1321 2333 usum.

240 2355 300 2422 IV.
335 2358 385 2420 19.
422 2356 477 2422 Ab
503 2357 553 2422 his
583 2367 731 2442 superest
758 2356 876 2423 reverti
905 2359 948 2422 ad
969 2357 1135 2424 hortorum
1158 2382 1268 2425 curam
1290 2369 1323 2424 et
1336 2372 1367 2416 49

233 2563 295 2612 intus
310 2563 414 2625 condito,
430 2566 526 2629 Appul.
544 2561 647 2613 candido
664 2565 734 2626 intus,
751 2560 863 2629 οοᾱβγ.
882 2607 912 2614 ..
939 2564 1072 2627 tralucente,
1085 2565 1181 2629 Appul.
1201 2606 1232 2613 ..
1251 2580 1322 2627 quae-

198 2647 243 2695 que
258 2629 455 2696 saliea‚Appul.
483 2648 589 2695 aquaque
602 2631 734 2695 salictaque,
751 2648 772 2682 c.
799 2647 923 2694 aqueqaac
938 2631 1076 2694 rubeaque,
1092 2634 1126 2682 D.
1153 2648 1215 2695 aque
1230 2632 1322 2680 rolina-

197 2716 250 2763 que,
262 2702 286 2750 d.
304 2715 371 2763 aqua
381 2698 512 2763 caliceque.
524 2695 595 2764 οβγ.
613 2740 645 2751 ,.
664 2699 791 2760 celenima
803 2700 901 2765 Appul.
919 2701 1008 2754 Omitt.
1020 2695 1135 2764 aodssr.
1149 2741 1180 2749 -
1199 2699 1322 2763 liquescat,

198 2768 262 2818 Tcd
275 2764 399 2832 (Appul.)
420 2765 533 2831 liquescit,
546 2762 616 2831 οβγ.

231 2864 299 2925 §tt
317 2859 451 2908 etiamnunc
462 2858 509 2908 duo
520 2857 628 2908 radicum
639 2875 734 2924 qenera,
747 2877 765 2909 r.
786 2901 815 2908 -
835 2857 926 2921 rudia,
940 2861 963 2908 d.
984 2902 1014 2909 -
1033 2859 1138 2921 multum,
1150 2875 1192 2910 ac.
1215 2858 1290 2920 nata,
1302 2877 1321 2909 r.

197 2926 253 2989 ulle,
266 2931 290 2977 d.
309 2968 339 2977 ..
364 2927 408 2975 etri
424 2943 501 2976 ornnes
515 2942 591 2989 paene
603 2926 743 2990 prnuimiae
758 2933 874 2987 scateant,
885 2928 918 2977 Κ.
939 2968 968 2976 -
992 2927 1102 2991 spinosis,
1116 2929 1140 2977 d.
1159 2968 1191 2976 ..
1213 2934 1237 2975 ct
1247 2925 1323 2985 caule,

201 2988 289 3045 Oeod.
310 3035 340 3043 ..
364 2993 410 3055 tic,
428 2997 471 3044 ad.
497 2993 532 3053 id,
545 3009 566 3042 c.
595 2992 1056 3058 spinosusacqenr'culatusbut'ccaulir
1068 3003 1109 3055 ert,
1122 3013 1141 3044 r.
1161 3036 1193 3044 -
1216 2995 1321 3055 rubrum,

197 3062 302 3142 Barbsr.
325 3061 403 3122 rubia,
419 3055 537 3111 OTacd.
557 3061 623 3111 Cum
635 3063 754 3112 Dioscor.
767 3069 791 3121 8,
806 3068 863 3113 150.
875 3063 955 3112 dicat:
976 3059 1080 3128 καρπὸν
1093 3056 1322 3143 crporydlourd

196 3124 1323 3262 tte?tettaetf'ttt‘tttcdtttatttt‘tttttttttattttt?itt:

197 3262 249 3312 cius
265 3261 376 3323 viride,
399 3271 456 3313 tum
473 3264 582 3326 rubram,
601 3272 747 3327 postremo
765 3265 881 3330 niqrum
899 3273 940 3315 ert.
970 3265 1071 3315 Rubia
1088 3282 1146 3329 quos
1163 3264 1188 3313 in
1205 3262 1323 3313 medimna

197 3330 300 3448 Q}-
325 3330 402 3448 9Quos,
418 3332 443 3381 d.
473 3330 551 3394 Quod,
566 3348 590 3383 a.
620 3331 694 3394 Quas,
711 3347 733 3384 c.
755 3374 787 3384 ..
814 3332 917 3382 dicemus
931 3349 980 3396 aaa,
997 3335 1063 3382 acd.
1089 3331 1253 3392 eradicemus,
1269 3327 1322 3395 βγ.

224 3415 258 3450 ι.
289 3407 312 3461 4,
342 3407 365 3450 4.

230 3493 300 3607 5148.
315 3490 366 3570 111,
378 3508 421 3543 ac.
443 3491 493 3554 Ea,
506 3493 559 3543 Td.
582 3494 616 3543 V.
628 3493 746 3544 Dioscor,
759 3501 783 3555 2,
797 3499 852 3545 1⁹2.
871 3535 902 3544 ..
927 3494 1011 3572 mirum
1024 3501 1145 3557 quantum,
1161 3494 1218 3572 apd
1235 3490 1322 3572 (codd.

197 3556 721 3693 attrectabantur:
735 3568 772 3679 ’ξ’
785 3557 1324 3689 trucutanae

198 3694 240 3756 tin,
257 3697 330 3745 codd.
346 3695 459 3745 Barbari.
477 3736 508 3746 -
537 3694 667 3759 lanuqinr‘r,
685 3699 747 3746 aed.
775 3695 925 3759 larruqinoso‚
942 3691 992 3760 βγ.
1016 3736 1047 3746 -
1075 3695 1192 3756 conditur,
1205 3695 1284 3746 Hard.
1296 3703 1323 3743 et

196 3776 215 3827 γ
232 3763 293 3812 vitio
306 3777 447 3827 operarum.

211 3844 299 3906 'W-
316 3844 407 3907 Aleini,
420 3848 473 3898 Τὰ.
486 3888 516 3898 ..
535 3847 595 3897 ailoe
606 3846 668 3909 illae,
680 3848 778 3912 Appul
793 3863 818 3911 p.
831 3853 889 3898 266.
908 3888 939 3897 -
963 3848 1013 3897 eive
1024 3847 1130 3913 Astyria
1141 3844 1324 3911 crcaqr'nsyrirle

188 3913 261 3975 jecit,
271 3913 367 3978 Appnl.
386 3914 452 3966 Cum
468 3917 494 3965 in
509 3915 614 3978 vulgata
629 3915 755 3980 scriptura
770 3917 821 3965 iam
837 3913 945 3965 multum
962 3915 1077 3967 offendat
1090 3914 1165 3980 Cyrus
1182 3916 1268 3964 dictus
1279 3928 1323 3961 νοτ

197 3979 322 4046 dauriae,
340 3997 416 4045 quem
433 3983 500 4032 Plin.
512 3988 553 4042 86,
566 3988 591 4033 9.
607 3984 635 4032 in
645 3984 729 4034 Persis
740 3982 884 4046 regnavisse
896 3983 968 4044 dicit,
986 3990 1117 4048 praetcrea
1133 3984 1187 4046 ipse
1199 3981 1282 4045 Cyrus
1293 3975 1324 4031 ut

198 4050 317 4101 conditor
330 4049 434 4100 illorum
449 4050 582 4100 hortorum
594 4049 764 4113 wesselingio
780 4051 813 4100 sd
829 4050 939 4102 Diodor,
956 4051 1007 4104 Sic.
1021 4058 1044 4111 a,
1059 4059 1097 4104 lo.
1110 4066 1134 4114 p.
1150 4056 1205 4100 124.
1224 4050 1278 4099 iure
1289 4049 1323 4098 sit

197 4130 320 4179 perquem
337 4126 485 4181 suspectus,
506 4133 570 4181 quos
590 4119 676 4182 potius
693 4117 737 4166 alii
759 4118 861 4169 cuidem
878 4121 931 4182 regi
949 4119 1037 4184 Syriae
1055 4121 1190 4182 scriptores
1209 4118 1323 4166 uibrant

198 4178 245 4245 (οὐ
257 4177 451 4250 Σεμιράμιδος.
468 4179 539 4235 ἀλλά
550 4199 623 4243 τινος
634 4179 746 4249 ὕστερον
758 4179 849 4250 Σύρου
861 4180 1002 4248 βασιλέως
1011 4181 1264 4242 κατασκευάσαντος
1290 4179 1321 4231 a'·

195 4264 240 4315 ριν
258 4247 386 4315 γυναικὸς
399 4248 552 4317 παλλακῆς,
570 4253 647 4306 Diod.
663 4252 714 4306 sic.
727 4253 744 4304 l.
756 4253 773 4304 l.
791 4251 881 4320 Syriae
895 4270 973 4320 repent
990 4253 1115 4322 Babylone
1130 4259 1270 4318 reparantem.
