2896 4792
195 275 257 339 190
544 288 748 334 unrununrs
771 288 966 335 maroamn

235 439 352 505 XXV.
376 441 426 505 57.
449 438 593 503 Primum
608 439 749 524 omnium
769 439 891 504 dierum
913 438 1056 522 ipsorum
1079 441 1153 504 anni
1176 441 1315 524 solisque
1330 457 1377 502 207

193 552 298 607 motus
328 563 429 627 prope
463 540 698 625 inexplicabilis
728 540 810 604 ratio
836 551 895 604 est.
937 539 990 605 Ad
1019 562 1139 606 cncnxv
1173 542 1316 608 adiciunt

192 645 366 709 etiamnum
395 641 614 707 intercalariae
642 642 706 706 diei
733 642 900 724 noctisque
922 641 1122 725 quadrantis3
1150 643 1195 706 ita
1216 643 1252 706 fit
1279 655 1316 708 ut

194 744 275 808 tradi
302 766 366 807 non
393 742 516 828 possint
544 757 631 809 certa
654 743 794 808 siderum
817 755 972 827 tempora.
1009 743 1147 808 Accedit
1168 744 1316 809 confessa

193 867 300 910 rerum
314 844 508 922 obscuritas,
531 867 617 910 nunc
632 856 859 931 praecurrente
881 866 942 909 uec
964 844 1074 929 paucis
1097 844 1209 910 diebus
1231 857 1313 910 tem-

192 956 355 1031 pestatum
377 945 576 1030 significatu,
599 946 684 1030 quod
703 948 914 1030 προχειμάζειν
931 942 1051 1010 Graeci
1072 958 1205 1024 vocant,
1227 969 1315 1012 nuuc

193 1047 432 1131 postveuiente,
459 1046 546 1131 quod
576 1048 793 1131 ἐπιχειμάζειν,
825 1058 858 1111 et
885 1048 1074 1134 plerumque
1101 1047 1179 1112 alias
1207 1049 1313 1127 citius,

192 1147 272 1213 alias
294 1148 417 1212 tardius
438 1149 519 1213 caeli
541 1149 658 1212 effectu
680 1147 722 1212 ad
744 1158 860 1212 terram
888 1148 1038 1224 decidu03
1068 1150 1166 1235 volgo
1193 1150 1314 1215 sereni·

193 1261 258 1314 tate
279 1249 404 1312 reddita
426 1250 607 1314 confectum
629 1249 719 1314 sidus
737 1249 896 1314 audimus.
919 1249 1091 1315 Praeterea
1112 1274 1186 1316 cum
1208 1253 1314 1316 omnia
1328 1266 1376 1309 208

191 1348 270 1415 haec
296 1349 387 1415 statis
415 1350 575 1416 sideribus
597 1351 748 1434 caeloque
768 1350 884 1414 adfixis
906 1361 1069 1428 constent,
1096 1353 1314 1417 interveniunt

191 1462 281 1516 motu
308 1451 468 1517 stellarum
498 1452 687 1537 grandines,
720 1451 838 1516 imbres
866 1463 899 1517 et
924 1452 989 1537 ipsi
1015 1474 1079 1517 uon
1100 1454 1164 1519 levi
1186 1455 1312 1533 effectu,

191 1560 229 1617 ut
250 1553 435 1631 docuimus,
457 1554 652 1638 turbantque
673 1564 847 1640 conceptae
870 1555 940 1641 spei
962 1555 1123 1633 ordinem3
1152 1557 1250 1640 idque
1271 1578 1313 1620 ne

191 1653 286 1720 nobis
313 1665 435 1719 tantum
464 1666 614 1741 putemus
642 1655 806 1733 accidere,
846 1667 878 1720 et
908 1656 1031 1740 reliqua
1058 1657 1138 1722 fallit
1164 1657 1314 1723 animalia

191 1755 358 1842 sagaciora
379 1756 463 1821 circa
483 1757 559 1836 hoc,
582 1768 618 1821 ut
640 1778 704 1840 quo
726 1757 794 1820 vita
815 1779 927 1822 eorum
948 1768 1089 1836 constet,
1111 1758 1313 1841 aestivasque

191 1857 284 1923 olites
311 1858 511 1942 praeposteri
538 1870 593 1922 aut
621 1859 831 1943 praeproperi
853 1859 976 1944 rigores
996 1870 1130 1936 necant,
1162 1859 1313 1924 hibernas

192 1968 311 2024 aestus.
344 1957 422 2023 Ideo
445 1957 611 2046 Vergilius
639 1959 813 2024 errantium
840 1981 966 2043 quoque
995 1960 1135 2024 siderum
1157 1959 1313 2025 rationem
1326 1973 1375 2018 20⁹

192 2058 399 2125 ediscendam
425 2059 598 2145 praecipit,
626 2060 801 2125 admonens
828 2061 1062 2126 observandum
1085 2060 1223 2146 frigidae
1251 2056 1309 2124 Sa·

193 2161 279 2225 turni
301 2160 409 2226 stellae
431 2160 612 2225 transitum.
638 2157 723 2226 Sunt
744 2161 800 2245 qui
821 2163 1034 2226 certissimum
1054 2162 1139 2227 veris
1160 2162 1312 2226 indicium

191 2262 387 2328 arbitrentur
413 2263 455 2329 ob
480 2261 698 2328 infirmitatem
730 2262 875 2328 animalis
907 2263 1078 2349 papilionis
1112 2273 1311 2348 proventum.

192 2364 233 2429 Id
248 2387 285 2430 eo
298 2364 372 2450 ipso
388 2385 483 2442 anno,
506 2385 580 2429 cum
594 2374 870 2430 conmentaremur
882 2364 979 2443 haec,
1001 2376 1142 2430 notatum
1154 2375 1213 2443 est,
1236 2385 1313 2449 pro·

193 2477 325 2532 ventum
353 2487 464 2531 eorum
491 2474 539 2530 ter
564 2466 701 2550 repetito
733 2465 853 2553 frigore
881 2466 1073 2531 exstinctum
1109 2466 1313 2548 advenasque

193 2567 339 2633 volucres
361 2589 389 2631 a.
413 2566 444 2630 d.
463 2589 510 2631 w.
532 2566 689 2632 kalendas
709 2565 807 2631 Febr.
832 2589 921 2653 spem
943 2568 1027 2632 veris
1049 2566 1210 2644 attulisse,
1238 2588 1313 2631 mox

193 2669 382 2735 saevissima
399 2667 504 2733 hieme
521 2667 729 2733 conflictatos.
752 2667 818 2733 Res
839 2690 975 2754 anceps:
997 2668 1146 2753 primum,
1168 2668 1312 2734 omnium
1326 2680 1376 2724 210

194 2770 319 2836 accolo
337 2770 404 2855 peti
421 2770 537 2854 legem,
559 2767 677 2832 deinde
698 2791 768 2833 eam
787 2769 986 2856 argumentis
1002 2791 1072 2833 esse
1088 2770 1312 2852 quaerendam.

194 2869 301 2956 Super
327 2870 433 2934 omnia
455 2881 504 2934 est
524 2869 636 2934 mundi
657 2869 843 2934 convexitas
864 2879 1083 2953 terrarumque
1108 2871 1196 2957 globi
1219 2871 1313 2935 diffe-

193 2972 313 3048 rentia,
338 2969 450 3035 eodem
466 2969 570 3034 sidere
586 2969 648 3035 alio
668 2970 898 3059 temporenaliis
917 2970 1079 3056 aperiente
1101 2995 1134 3036 se
1153 2972 1313 3059 gentibus,

195 3094 259 3155 quo
279 3071 316 3135 fit
337 3081 373 3134 ut
393 3092 489 3134 causa
510 3071 580 3136 eius
601 3094 665 3137 non
686 3071 799 3136 iisdem
822 3071 936 3137 diebus
957 3072 1077 3156 ubique
1099 3074 1213 3138 valeat.
1241 3072 1312 3136 Ad-

196 3172 306 3236 didere
327 3170 543 3236 difficultatem
567 3184 598 3237 et
619 3181 764 3237 auctores
786 3173 922 3238 diversis
947 3175 981 3238 in
1003 3174 1080 3239 locis
1101 3173 1313 3249 observando,

230 3311 316 3371 §202
339 3307 450 3371 adierint,
462 3314 506 3361 ad.
526 3350 555 3360 ..
579 3311 649 3360 etiam
662 3327 715 3370 noa,
727 3328 751 3361 a,
774 3328 825 3360 eam
837 3328 891 3364 aon.
905 3315 928 3363 d.
948 3352 979 3363 ..
1003 3311 1162 3372 intercalario,
1174 3314 1218 3361 ad.
1241 3310 1314 3359 inter-

196 3375 322 3438 molarios,
334 3395 353 3426 r.
373 3419 403 3427 -
428 3375 574 3439 tradi,a²d.
601 3376 672 3436 credi,
687 3380 723 3426 ab
742 3419 773 3428 ..
797 3381 905 3443 corrswo,
918 3395 941 3428 a.
961 3422 991 3431 ,.
1014 3380 1195 3444 specificatam
1221 3378 1313 3441 eipnifi-

197 3443 299 3503 catio,a.
323 3445 501 3510 sipnrficatione,
513 3463 532 3494 r.
553 3486 582 3494 -
598 3444 767 3508 prochimazin,
780 3450 823 3496 ad.
846 3445 1033 3514 προχείμασιν,
1046 3442 1096 3511 βγ.
1119 3487 1147 3494 -
1168 3445 1313 3508 postueaiea-

198 3518 250 3571 tem,
263 3529 286 3561 a.
306 3554 336 3562 -
359 3511 427 3576 quod,
446 3529 496 3562 om.
509 3516 533 3562 d.
552 3554 582 3562 ,
607 3511 766 3576 epiclimozin,
782 3518 826 3565 ad.
848 3511 1027 3581 ἐπιχείμασιν,
1045 3509 1095 3578 βγ,
1116 3553 1146 3561 -
1168 3511 1227 3570 alia,
1239 3526 1260 3558 a.
1282 3552 1312 3560 -

196 3578 279 3639 satus,
292 3582 336 3630 ad.
350 3621 379 3629 -
398 3578 457 3639 clia,
470 3595 492 3628 a
506 3622 535 3629 ..
551 3578 652 3642 caelesti,
664 3580 717 3629 Td.
732 3622 761 3630 -
776 3578 852 3647 tulyo,
865 3598 898 3632 ar
909 3580 995 3643 (codd.
1008 3576 1114 3631 Salmas.
1127 3593 1209 3627 exerc.
1221 3594 1245 3641 p.
1256 3585 1313 3628 302.

198 3648 222 3696 b.
234 3646 279 3709 Β.)
297 3645 357 3694 unde
369 3645 445 3710 culpo,
458 3643 507 3708 dss.
547 3668 548 3671 ¹

231 3716 317 3778 5208.
340 3712 442 3774 statutis,
454 3731 477 3764 a.
497 3755 527 3763 ..
551 3723 633 3774 motos,
645 3731 665 3763 r.
685 3755 715 3763 -
738 3713 881 3779 mundicam
895 3714 1009 3775 imbriam,
1021 3714 1077 3762 adr
1094 3711 1180 3774 (codd.
1193 3711 1314 3774 Salmas.)

198 3823 229 3832 -
248 3781 367 3830 docuimus
383 3784 468 3845 5152.
487 3822 518 3830 ..
541 3797 576 3842 ne,
593 3784 674 3831 omitt.
691 3785 736 3832 ad.
755 3823 787 3831 -
806 3789 964 3846 praepostere,
982 3783 1026 3831 ad.
1052 3821 1079 3828 -
1106 3795 1273 3844 praepropere,
1290 3782 1314 3829 d.

194 3864 304 3912 propere,
316 3865 339 3898 a.
358 3890 390 3898 -
408 3864 449 3897 nee
460 3856 522 3908 ante,
533 3864 556 3899 a.
574 3855 680 3913 aequate,
692 3852 717 3899 d.

232 3919 317 3979 §2⁰⁹-
341 3914 459 3980 Verpilioa
474 3929 561 3978 georg.
581 3920 603 3975 1,
620 3923 678 3966 3³5.
698 3957 728 3966 -
755 3916 784 3964 ol>
800 3913 959 3977 infimitatem
975 3913 1096 3976 animala,
1114 3915 1181 3964 delet
1196 3915 1263 3964 Pint.
1282 3955 1313 3963 ..

197 3982 334 4046 popiliano,
347 3986 370 4033 d.
392 3982 511 4045 peremnis
519 3981 657 4046 papilionis,
669 3998 692 4032 a.
712 4023 743 4032 ..
762 3989 908 4046 proventum,
920 3983 1002 4031 omitt.
1014 3986 1060 4032 ad.
1078 4023 1109 4032 ..
1129 3997 1163 4042 eo,
1176 3997 1227 4030 om.
1240 3984 1264 4030 d.
1284 4022 1314 4030 -

196 4051 463 4112 proveatu-eatincto,
476 4051 543 4099 Pint
562 4091 594 4099 -
616 4064 722 4113 quoram,
733 4066 757 4100 a.
777 4090 808 4098 ..
831 4056 909 4096 terrae
922 4049 1003 4112 petito,
1015 4065 1038 4098 a.
1058 4091 1089 4098 -
1113 4048 1220 4112 speciest,
1231 4050 1264 4099 Κ.
1284 4089 1314 4097 -

199 4116 352 4179 conflictatur,
364 4135 386 4167 a.
406 4116 536 4179 conflictos,
549 4113 599 4178 dd.

221 4187 318 4311 dm
340 4183 482 4242 convexitas,
495 4185 562 4234 Tar.
590 4183 752 4245 connexitatis,
765 4179 815 4244 ᾱβ.
836 4224 866 4233 -
889 4182 961 4248 9ἰοὸ,·,
977 4201 1000 4234 a.
1021 4225 1049 4234 ..
1073 4182 1156 4244 udam,
1173 4201 1196 4233 a.
1222 4180 1315 4243 eudem,
