2896 4792
432 1057 485 1160 C.
522 1056 692 1171 PLlNl
731 1056 1017 1162 SECUNDI

137 1234 186 1460 j
230 1301 717 1422 ulrualma
760 1301 1238 1421 Hrsroamu

579 1532 726 1606 LIBER
753 1531 869 1605 XXII.

209 1857 314 1925 Saea.
339 1861 367 1924 1.
400 1826 547 1945 lnplesse
580 1869 730 1943 poterant
755 1858 944 1923 miraculum
974 1858 1024 1922 sui
1050 1869 1169 1924 natura
1196 1870 1359 1947 atquem

165 1960 259 2025 tellus
280 1961 497 2046 reputantium
520 1959 571 2024 vel
592 1958 710 2044 prioris
733 1969 856 2022 tantum
871 1957 1042 2023 voluminis
1064 1959 1157 2024 dotes
1181 1972 1301 2047 totque

113 2108 117 2115 ,
164 2081 287 2147 genera
312 2060 484 2126 herbarum
512 2059 705 2124 utilitatibus
725 2059 888 2124 hominum
910 2071 967 2123 aut
988 2059 1211 2144 voluptatibus
1235 2087 1298 2152 ge·

164 2160 247 2237 nita3
271 2161 328 2225 sed
351 2171 469 2245 quanto
483 2160 576 2246 plura
590 2171 713 2225 restant
726 2171 911 2245 quantoque
925 2160 1121 2226 mirabiliora
1133 2160 1300 2230 inventu?

163 2260 224 2329 Illa
246 2262 332 2326 enim
354 2262 473 2328 maiore
495 2260 528 2325 in
550 2271 643 2348 parte
665 2257 728 2328 cibi
750 2275 806 2327 aut
827 2261 936 2327 odoris
958 2262 1121 2328 decorisve
1136 2263 1296 2331 conmen-

164 2362 250 2451 datio
271 2363 313 2428 ad
339 2385 511 2429 numerosa
539 2363 759 2449 experimenta
787 2363 895 2439 duxit3
922 2364 1117 2448 reliquarum
1144 2366 1298 2451 potentia

163 2464 321 2551 adprobat
350 2465 428 2530 nihil
449 2465 490 2530 ab
512 2487 621 2530 rerum
642 2477 757 2531 natura
780 2465 848 2530 sine
871 2465 978 2550 aliqua
998 2463 1170 2531 occultiore
1193 2489 1297 2534 causa

163 2566 264 2653 aas·

207 2665 293 2733 CAP.
320 2668 346 2733 Ι.
370 2670 400 2732 2.
433 2667 594 2754 Equidem
623 2678 655 2732 et
684 2666 805 2732 formae
832 2667 937 2753 gratia
964 2667 1108 2753 ritusque
1136 2670 1323 2757 perpetuia

162 2766 196 2833 in
218 2767 406 2855 corporibus
429 2767 496 2833 suis
516 2767 638 2852 aliquas
653 2778 834 2832 exterarum
848 2768 994 2856 gentium
1015 2768 1062 2833 uti
1082 2768 1194 2836 herbis
1215 2773 1294 2858 qui-

163 2871 299 2936 busdam
328 2870 460 2935 adverto
487 2870 602 2935 animo.
638 2868 781 2934 Inlinunt
807 2880 894 2934 certe
920 2869 992 2936 aliis
1013 2870 1096 2949 aliae
1116 2871 1235 2938 faciem
1258 2873 1294 2938 in

162 2970 292 3056 populis
319 2969 528 3035 barbarorum
549 2969 686 3034 feminae
708 2991 875 3054 maresque
899 2971 996 3037 etiam
1017 2972 1104 3058 apud
1123 2971 1239 3043 Dacos
1259 2987 1295 3040 et

163 3068 326 3136 Sarmatas
348 3092 483 3158 corpora
505 3093 563 3136 sua
584 3069 771 3136 inscribunt.
802 3062 1124 3160 Similis'plantagini
1144 3074 1293 3162 glastum

196 3278 238 3328 Ad
250 3279 320 3328 hunc
330 3279 423 3329 librum
436 3279 484 3329 toti
496 3286 555 3329 saut
566 3279 666 3328 excussi
678 3279 741 3408 Bi?
755 3277 876 3342 l..ltt,)
894 3281 940 3330 Va
952 3278 980 3341 (§
995 3276 1186 3340 142-164.)(1.

195 3344 210 3407 ξ
226 3352 247 3395 l.
270 3344 389 3410 Inplesse,
403 3340 541 3397 ORVTd.
566 3345 704 3410 bbmplessa
762 3388 793 3396 -
817 3347 975 3410 reputantium
987 3346 1059 3397 nullo
1072 3348 1150 3396 modo
1163 3345 1292 3410 explicari

161 3423 248 3478 potest
265 3422 290 3464 et
306 3416 466 3467 scribendum
483 3415 610 3480 reputanti.
636 3415 703 3465 Nam
714 3415 780 3464 Pliu.
794 3429 896 3478 qaoque
913 3416 1030 3477 absoluto
1043 3415 1088 3464 illo
1100 3415 1186 3463 dativo
1199 3415 1292 3479 singa-

161 3482 221 3533 laris
235 3483 360 3547 participii
375 3484 515 3546 praesentis
531 3492 557 3533 et
569 3483 673 3534 Graecis
689 3491 715 3532 et
725 3483 824 3533 Latinis
836 3483 998 3546 scriptoribus
1010 3482 1128 3533 familiari
1139 3482 1292 3546 saepissime
1344 3528 1354 3545 χ

160 3550 241 3600 utitur
256 3550 467 3601 adiudicandum
483 3552 616 3610 rationem,
635 3565 701 3615 quae
717 3551 794 3600 alicui
810 3550 909 3601 homini
925 3565 983 3600 cam
998 3566 1025 3600 re
1041 3550 1129 3613 aliqua
1139 3549 1291 3613 intercedit3
1408 3547 1415 3557 '

160 3622 258 3678 v.8‚3.
274 3623 313 3666 12.
332 3624 356 3677 4,
370 3623 409 3666 50.
423 3625 463 3668 61.
484 3625 506 3681 5,
521 3625 576 3669 118.
596 3622 885 3679 o‚78.126.145.185.
909 3622 948 3680 12,
962 3625 1002 3668 22.
1017 3624 1056 3669 50.
1076 3621 1116 3679 14,
1129 3620 1169 3668 62.
1190 3621 1231 3678 18,
1244 3623 1290 3668 35.

164 3689 219 3735 188.
241 3690 282 3741 26,
295 3690 336 3735 88.
359 3691 399 3743 81,
413 3691 489 3736 (1.45.
512 3690 766 3747 36‚120.128.151.
786 3725 817 3734 ..
844 3684 882 3734 vel
895 3685 987 3749 prioris
1004 3693 1101 3744 mnan,
1120 3685 1203 3734 omitt
1220 3684 1291 3748 VT,

160 3753 228 3801 unde
239 3753 307 3801 Pim.
325 3750 463 3801 miraculum
475 3760 563 3802 natura
574 3762 645 3816 atque
657 3750 725 3802 tellus
736 3751 894 3815 reputantium
906 3751 1031 3802 uoluminis
1041 3752 1082 3801 aui
1091 3749 1156 3801 dotes
1166 3751 1239 3815 legit.
1255 3793 1289 3804 .-

159 3818 254 3883 penitas
269 3827 299 3879 et,
311 3820 345 3869 V.
370 3861 401 3868 -
428 3820 522 3880 inuenit,
538 3823 563 3870 d.
585 3861 616 3869 -
644 3818 735 3867 maiore
751 3818 777 3867 in
790 3816 861 3882 parta
876 3819 931 3881 cibi,
943 3822 977 3871 V.
1003 3819 1093 3870 maiore
1105 3826 1178 3883 parte
1193 3817 1249 3880 cabi,
1262 3822 1289 3870 d.

159 3885 272 3935 maiorem
290 3887 337 3936 cibi
349 3894 428 3950 parte,
444 3888 476 3936 Β.
495 3929 526 3936 -
553 3885 746 3946 decumanavd.
773 3885 937 3948 acteriaueR„
957 3928 987 3938 -
1015 3885 1185 3952 expedimenta,
1197 3888 1231 3936 V.
1255 3928 1288 3938 ..

160 3951 302 4017 adprobant.
315 3958 338 4004 d.
359 3995 389 4004 ..
408 3956 447 4016 ab,
459 3955 522 4004 RV.
539 3949 648 4018 α,(1βγ.

193 4023 244 4085 §2
262 4019 389 4084 Equidem,
402 4023 433 4072 R.
457 4018 493 4069 Et
503 4019 671 4084 qualemvd.
691 4061 721 4069 -
739 4019 789 4068 ritu
798 4023 964 4084 perpetuass.
983 4063 1013 4071 -
1032 4021 1074 4082 uti,
1086 4022 1143 4071 Vd.
1167 4022 1239 4085 utin,
1253 4024 1289 4074 R.

159 4129 189 4137 ..
210 4087 297 4149 animo,
314 4082 423 4140 Ovud.
441 4088 553 4148 animum,
564 4083 643 4152 ufir.
663 4128 693 4137 -
713 4094 781 4149 certe,
793 4089 849 4138 Vd.
872 4079 979 4156 suffitae,
990 4088 1022 4137 R.
1041 4129 1071 4138 ..
1091 4087 1155 4150 aliis,
1167 4089 1193 4137 d.
1211 4087 1290 4154 alias,

159 4155 222 4205 RV.
241 4196 271 4205 -
290 4155 402 4218 rorabunt,
415 4159 438 4205 d.
458 4197 489 4206 ..
509 4154 611 4217 Similis,
623 4156 707 4207 RVd.
726 4154 817 4219 Simile,
828 4151 879 4222 βγ.
898 4195 930 4206 -
946 4163 1065 4220 matum,
1078 4155 1187 4207 Salmas.
1199 4172 1289 4210 exarc.

159 4235 183 4285 p.
196 4227 251 4274 180.
263 4238 287 4272 a.
296 4224 328 4273 Ε.
