2896 4792
391 294 462 341 ma.
479 294 552 346 rvr.
581 292 659 339 car.
675 293 806 340 x-xu.
834 292 931 341 anor.
947 294 1029 338 aaa.
1233 279 1272 343 lo

156 443 243 529 quod
264 443 413 530 pinguior
435 456 484 510 est
505 442 636 528 reliqua
669 442 730 509 Illa
757 443 863 509 omnia
890 443 972 508 fiunt
995 465 1013 508 e
1035 443 1137 528 picea,
1166 445 1273 511 resina

156 545 354 612 ferventibus
384 554 493 610 coacta
521 544 683 630 lapidibus
710 545 743 609 in
764 544 864 609 alveis
886 544 983 610 validi
1007 544 1131 610 roboris
1152 557 1219 624 aut,
1244 545 1272 613 si

155 646 237 711 alvei
259 669 323 711 non
347 645 419 724 sint,
450 644 547 711 stmis
574 645 724 734 congerie
745 645 834 711 velut
855 644 889 709 in
910 645 1056 711 carbonis
1077 667 1147 711 usu.
1182 644 1319 711 Haooar

154 747 188 811 in
210 747 321 811 vinum
341 746 470 811 additur
489 745 611 810 farinae
631 745 726 810 modo
742 757 848 824 tunsa,
871 745 992 833 nigrior
1013 744 1126 812 colore.
1149 743 1273 812 Eadem

154 849 271 926 resina,
299 847 326 912 si
352 869 424 912 cum
452 868 536 930 aqua
557 846 659 911 levius
680 846 877 931 decoquatur
899 847 1093 931 coleturque,
1122 847 1195 912 rufo
1217 870 1272 912 co-
1342 912 1347 920 ,

154 950 222 1014 lore
242 946 386 1014 lentescit
407 969 445 1012 ac
467 945 627 1012 stillaticia
646 956 794 1021 vocatur3
824 957 1021 1032 seponuntur
1047 960 1155 1012 autem
1176 948 1219 1012 ad
1239 947 1273 1013 id

154 1050 221 1115 fere
250 1048 327 1113 vitia
352 1047 478 1113 resinae
506 1057 689 1131 cortexque.
725 1045 799 1113 Alia
827 1047 996 1133 temperies
1023 1049 1066 1112 ad
1092 1051 1271 1135 crapulam;

154 1172 293 1234 namque
313 1149 374 1214 llos
396 1148 515 1213 crudus
536 1148 661 1213 resinae
683 1169 756 1212 cum
778 1147 877 1212 multa
897 1148 1004 1213 ascula
1020 1150 1106 1214 tenui
1119 1148 1273 1235 brevique

156 1249 284 1314 avolsus
313 1248 491 1315 conciditur
517 1248 559 1312 ad
585 1247 726 1314 cribrum
750 1249 882 1327 minuta,
916 1248 991 1314 dein
1016 1248 1153 1315 ferventi
1179 1273 1272 1335 aqua,

155 1351 256 1415 donec
278 1362 445 1435 coquatur,
467 1348 679 1436 perfimditur.
700 1348 807 1415 Huius
827 1372 1015 1436 expressum
1035 1351 1157 1437 pingue
1178 1374 1272 1437 prae-
1287 1366 1319 1412 aa

158 1451 252 1537 cipua
272 1450 381 1517 resina
400 1451 438 1515 fit
464 1460 561 1535 atque
587 1473 659 1515 rara
687 1473 746 1515 neo
771 1450 835 1515 nisi
861 1449 974 1536 paucis
1000 1450 1034 1515 in
1058 1450 1137 1516 locis
1164 1450 1274 1518 subal·

156 1552 253 1637 pinae
274 1551 387 1617 Italiae
410 1551 603 1617 conveniens
625 1550 768 1616 medicis.
795 1551 934 1617 Resinae
956 1550 1047 1616 albae
1069 1551 1219 1640 congium
1239 1551 1274 1617 in

156 1652 283 1718 duobus
311 1673 412 1736 aquae
440 1652 569 1737 pluviae
596 1662 730 1730 cocunt;
752 1652 813 1717 alii
835 1652 945 1718 utilius
965 1663 1081 1738 putant
1101 1653 1169 1718 aine
1191 1675 1275 1738 aqua

156 1775 294 1838 coquere
315 1753 399 1819 lento
421 1753 496 1840 igne
518 1763 583 1817 toto
606 1752 669 1829 die,
692 1752 804 1837 utique
825 1775 903 1820 vase
924 1753 1007 1819 aeris
1029 1753 1103 1832 albi,
1126 1754 1203 1818 item
1226 1765 1272 1820 te·

157 1854 370 1919 rebinthinam
391 1853 424 1917 in
447 1853 608 1940 sartagine
630 1853 736 1920 cinere
758 1854 903 1932 ferventi,
931 1853 1015 1920 hanc
1042 1854 1156 1920 ceteris
1177 1877 1273 1941 prae-

155 1954 305 2020 ferentes.
327 1954 492 2020 Proxuma
513 1977 554 2019 ex
575 1955 717 2020 lentisco.

197 2054 280 2120 XII.
303 2056 354 2120 23.
387 2056 462 2121 Non
483 2055 693 2120 omittendum
721 2055 808 2141 apud
835 2057 963 2121 eosdem
986 2056 1145 2142 zopissam
1165 2058 1272 2124 vocari
1286 2070 1320 2115 ⁶⁶

157 2156 302 2222 derasam
328 2156 465 2221 navibus
491 2155 659 2221 maritimis
685 2155 792 2242 picem
818 2178 893 2222 cum
915 2177 999 2235 cera,
1025 2156 1105 2222 nihil
1131 2181 1195 2225 non
1216 2181 1274 2224 ex·

156 2256 300 2342 periente
321 2257 399 2335 vita,
426 2257 587 2341 multoque
616 2256 827 2322 efficaciorem
855 2257 1025 2324 adomnia
1047 2258 1163 2342 quibua
1184 2258 1273 2346 pices

155 2358 345 2441 resinaeque
373 2369 519 2445 prosunt,
551 2357 700 2422 videlicet
728 2357 851 2423 adiecto
885 2357 960 2424 salis
986 2358 1076 2424 callo.
1120 2358 1274 2446 Aperitur
1286 2372 1318 2421 ⁶⁷

155 2460 248 2545 picea
274 2481 292 2524 e
319 2469 413 2545 parte
442 2457 537 2524 solari
563 2480 628 2523 non
649 2457 756 2546 plaga,
785 2457 843 2524 sed
865 2458 995 2524 volnere
1016 2458 1114 2525 ablati
1134 2461 1273 2539 corticis,

157 2581 230 2625 cum
249 2559 445 2646 plurumum,
467 2558 608 2644 bipedali
627 2559 717 2624 hiatu
738 2568 776 2623 ut
796 2581 816 2622 a
838 2569 922 2624 terra
935 2557 1053 2637 cubito,
1074 2581 1146 2624 cum
1167 2560 1272 2625 minu-

157 2682 244 2724 mum
265 2661 358 2727 absit
381 2659 450 2725 Nec
472 2659 597 2746 corpori
618 2658 682 2745 ipsi
702 2658 844 2745 parcitur
866 2672 901 2733 ut
920 2659 954 2722 in
974 2659 1100 2736 ceteris,
1121 2659 1272 2743 quoniam

124 2780 126 2785 ’
156 2760 263 2826 assula
289 2761 324 2826 in
351 2761 461 2827 fructu
487 2771 555 2840 est;
589 2782 700 2824 verum
720 2759 800 2826 haec
820 2781 978 2846 proxuma
999 2759 1159 2838 laudatur,
1180 2759 1274 2825 altior

154 2863 402 2930 amaritudinem
423 2861 536 2927 adfert.
568 2860 688 2927 Postea
716 2883 808 2927 umor
834 2859 939 2926 omnis
960 2882 978 2926 e
1000 2871 1066 2926 tota
1086 2861 1219 2928 confluit
1238 2862 1272 2927 in

156 3035 274 3086 Schneid.
286 3036 304 3085 l.
316 3036 334 3086 l.
345 3051 371 3100 p.
384 3008 441 3087 3i8.
454 3036 512 3087 coll.
525 3051 550 3099 p.
562 3041 620 3086 324.
638 3035 704 3086 Mihi
716 3035 874 3085 scabendum
887 3036 985 3085 ridetur
996 3043 1019 3084 et
1029 3035 1120 3163 εέἰοω
1132 3037 1190 3086 coll.
1202 3032 1217 3097 ξ
1231 3041 1271 3090 bl.

159 3144 190 3152 ..
201 3101 358 3165 seruanabto,
370 3105 415 3154 ad.
425 3104 532 3168 servom,
543 3119 563 3152 r.
583 3142 614 3151 -
631 3109 721 3164 macas,
737 3095 825 3152 Oadr.
843 3109 916 3164 mour,
927 3103 1031 3153 Barbar.
1069 3116 1104 3166 rr

189 3187 258 3248 §oa
282 3186 369 3248 vinam,
382 3190 406 3237 d.
424 3189 554 3251 fimana.
573 3225 606 3237 ...
623 3185 758 3250 furiana
776 3226 807 3237 ..
832 3185 1006 3249 columpnas„
1032 3202 1084 3248 quo,
1096 3189 1120 3236 d.
1139 3227 1170 3236 -
1193 3185 1272 3250 adid,

161 3245 279 3302 OTadr.
297 3250 408 3315 taidss.
427 3295 458 3304 ..
476 3253 564 3314 roano,
576 3269 599 3302 a
617 3253 780 3314 votaaroriaa,
792 3253 871 3304 Hard.
884 3268 898 3303 e
910 3253 1011 3305 Colum.
1023 3253 1085 3304 XII.
1097 3260 1138 3314 23,
1152 3260 1175 3304 1.
1194 3295 1226 3305 ..
1243 3271 1273 3304 ac

155 3319 265 3437 tim
275 3319 626 3449 inmittit?
637 3320 1145 3446 blaitmtdtbtllt
1167 3320 1272 3440 Ἢ

156 3454 230 3504 brom
242 3454 341 3506 Manto
353 3425 415 3516 daia,
426 3474 446 3507 r.
464 3454 499 3504 od
508 3403 609 3504 citimi
621 3452 704 3502 dando
715 3454 812 3514 minuto,
824 3456 856 3506 K.
874 3453 909 3503 ud
919 3454 1020 3503 cribrum
1032 3425 1151 3506 munium.
1168 3454 1271 3516 Deinde,

154 3522 244 3572 Daloc.
263 3519 371 3572 &abnam
382 3531 421 3574 eat
431 3524 562 3587 genetivus
573 3523 687 3587 pluralis.
696 3562 728 3572 ..
742 3520 802 3584 dcta,
814 3525 875 3572 adr.
892 3519 984 3583 doado,
995 3518 1046 3587 βγ.
1056 3563 1088 3573 -
1100 3532 1235 3588 coqaeoaer,
1247 3540 1271 3574 a

189 3604 257 3665 555.
277 3612 330 3667 toto,
342 3609 386 3656 ad.
405 3614 461 3668 totu,
470 3603 521 3671 βγ.
535 3646 566 3655 ..
584 3604 684 3669 utrique,
695 3606 750 3656 Kd.
762 3646 794 3656 ..
812 3605 942 3670 curruque,
954 3608 997 3656 ad.
1014 3609 1132 3666 curto,T.
1144 3647 1175 3658 ..
1195 3605 1272 3655 ciam
1336 3660 1340 3666 .

62 3732 64 3741 γ
151 3673 268 3735 faventi,
285 3675 339 3723 Τὰ.
365 3674 501 3737 νοῙαυαιϋ,
519 3669 566 3734 ast.
588 3675 711 3723 Mundum
727 3674 754 3723 iu
771 3674 810 3723 his
826 3689 865 3722 vv.
882 3673 959 3724 latero
976 3682 1049 3738 putat
1064 3674 1271 3726 Schneider.l.l.

155 3753 180 3802 p.
193 3745 251 3790 881.
271 3780 303 3790 -
321 3741 398 3801 cetera,
411 3744 434 3791 d.
454 3781 485 3790 ..
503 3747 532 3799 at,
544 3742 589 3790 ad.

190 3824 205 3886 ξ
219 3822 514 3887 co.'zoptsrom‚13arbar.
532 3823 660 3887 zoappom,
672 3825 717 3873 ad.
733 3825 767 3874 V.
779 3825 895 3874 Dioscor.
911 3829 933 3887 l,
946 3831 986 3876 98.
1006 3866 1038 3874 -
1055 3840 1118 3887 σενα,
1128 3824 1269 3877 Barband

158 3896 242 3950 como,
253 3904 276 3940 a.
295 3932 327 3940 -
345 3889 469 3954 multoque,
481 3906 504 3940 a.
522 3889 601 3952 multo,
613 3892 629 3940 d
634 3885 656 3952 β
660 3905 685 3955 γ.
979 3909 981 3913 ’

191 3975 205 4037 ξ
219 3978 258 4026 ot.
272 3974 339 4039 Piceo
347 3982 427 4040 porto,
439 3991 461 4025 a.
474 3975 507 4025 V.
520 3975 651 4040 Theophn
663 3975 681 4025 l.
693 3975 710 4024 l.
723 3973 773 4026 IX.
784 3979 807 4035 2,
821 3981 843 4025 1.
862 4016 893 4025 ...
912 3973 1016 4036 vulnero,
1027 3990 1050 4024 a
1064 4014 1095 4023 ..
1113 3970 1167 4023 Nec
1178 3974 1273 4040 corpori

155 4041 214 4102 rel.;
230 4043 295 4092 nihil
312 4043 343 4092 de
360 4043 386 4092 h.
402 4043 420 4092 l.
436 4043 527 4092 vitioso
544 4045 676 4093 docemere
687 4045 763 4093 audet
775 4043 919 4094 Schneider.
932 4045 963 4092 ad
976 4041 1107 4104 Theophr.
1119 4041 1177 4091 hist,
1189 4043 1269 4106 plant.

156 4108 203 4159 IX.
222 4115 246 4171 2,
264 4115 286 4159 l.
305 4125 329 4172 p.
349 4113 404 4160 714.
428 4150 459 4158 ..
482 4125 528 4159 noa
545 4116 571 4158 ut
585 4109 623 4172 in,
639 4110 727 4161 Dalcc.
747 4151 777 4160 ..
801 4108 895 4169 manto,
909 4109 997 4159 Dalcc.
1020 4106 1111 4169 nuta,
1127 4104 1218 4175 adssr.
1237 4150 1268 4160 ..

156 4191 236 4224 aarum
249 4176 280 4235 in,
292 4177 382 4228 Dalec.
396 4217 423 4224 -
442 4170 506 4238 iaec,
518 4180 555 4227 ad
567 4174 636 4240 (libri
648 4178 738 4242 optimi
749 4193 789 4241 ap.
802 4177 909 4227 Salmas.
922 4190 1003 4224 exerc.
1014 4191 1039 4240 p.
1050 4180 1107 4226 356.
1119 4192 1141 4226 a.
1151 4175 1194 4238 F.)
1212 4176 1271 4226 lucc

157 4251 240 4304 tarrae,
248 4285 249 4289 ,
256 4238 307 4308 βγ.
