2896 4792
176 304 240 370 450
527 318 733 369 unwanus
754 320 950 371 maroam

176 470 284 550 trahit,
319 472 432 537 tubera
463 470 603 549 discutit,
637 471 720 537 dura
753 472 933 557 concoquit,
966 472 1094 540 dolores
1132 498 1318 543 nervorum

175 573 293 639 mulcet
314 573 483 656 ulceraque
504 571 569 637 iam
590 572 796 659 desperantia
817 574 850 637 in
872 574 1053 640 cicatricem
1074 577 1196 643 cludit.
1227 578 1371 645 Mel-10⁸

174 673 214 740 lis
236 675 366 759 quidem
379 672 484 760 ipsius
507 683 621 738 natura
643 674 715 740 talis
736 685 789 740 est
808 685 846 740 ut
866 684 1054 762 putrescere
1076 696 1225 764 corpora
1248 701 1315 746 non

174 775 268 855 sinat,
292 775 431 842 iucundo
447 797 561 862 sapore
583 787 677 860 atque
699 797 764 841 non
786 798 912 863 aspero,
934 775 998 841 alia
1018 799 1119 862 quam
1142 779 1231 846 salis
1253 803 1314 846 na·

174 887 262 953 tura3
292 875 453 955 faucibus,
477 876 623 956 tonsillis,
646 877 785 966 anginae
806 877 1019 962 omnibusque
1040 877 1107 944 oris
1128 879 1314 948 desideriis

172 978 379 1044 utilissimum
400 979 620 1064 arescentique
641 979 675 1044 in
696 977 841 1045 febribus
862 966 1005 1066 linguae,
1023 979 1088 1044 iam
1110 1003 1195 1048 vero
1218 982 1312 1070 peri·

174 1079 414 1168 pneumonicis,
447 1079 626 1166 pleuriticis
661 1080 838 1160 decoctum,
867 1080 945 1146 item
971 1078 1160 1148 volneribus
1191 1106 1215 1148 a
1238 1106 1311 1152 ser·

173 1191 272 1266 pente
298 1180 462 1266 percussis
490 1192 522 1247 et
548 1191 661 1247 contra
687 1203 813 1247 venena
832 1181 1022 1270 fungorum,
1054 1181 1254 1269 paralyticis
1275 1186 1311 1251 in

172 1281 286 1359 mulso,
313 1303 507 1367 quamquam
537 1304 614 1348 suae
640 1283 744 1348 mulso
769 1283 861 1349 dotes
883 1291 1038 1349 constant.
1071 1281 1144 1348 Mel
1164 1283 1310 1352 auribus

171 1382 343 1449 instillatur
365 1406 437 1448 cum
459 1405 605 1462 rosaceo,
630 1384 742 1450 lendes
764 1394 796 1450 et
816 1384 910 1450 foeda
930 1383 1045 1470 capitis
1065 1383 1226 1450 animalia
1248 1409 1309 1453 ne·

172 1495 233 1550 cat.
257 1483 348 1550 Usus
363 1484 547 1571 despumati
562 1507 690 1572 semper
704 1485 826 1572 aptior3
850 1485 1046 1551 stomachum
1064 1494 1176 1577 tammr
1200 1485 1308 1566 inflat,
1323 1506 1364 1552 ror

172 1585 271 1652 bilem
298 1596 406 1673 auget,
436 1586 602 1652 bstidium
629 1599 720 1652 orest
746 1598 777 1652 et
803 1586 904 1652 oculis
924 1608 984 1673 per
1004 1607 1040 1652 se
1060 1585 1178 1652 inutile
1200 1588 1308 1673 aliqui

172 1684 383 1765 arbitrantur,
416 1710 529 1754 rursus
556 1687 688 1772 quidam
709 1689 845 1775 angrdos
868 1687 1067 1753 exulceratos
1087 1687 1188 1754 melle
1212 1691 1307 1779 tangi

172 1789 318 1856 suadent.
351 1788 461 1856 Mellis
488 1811 602 1855 ausas
624 1799 719 1874 atque
741 1789 937 1854 differentias
958 1787 1172 1872 nationesque
1196 1801 1232 1856 et
1252 1793 1306 1858 in-

135 1874 138 1887 ¹
171 1888 364 1955 dicationem
385 1891 419 1954 in
441 1891 551 1976 apium
572 1912 612 1956 ac
631 1889 751 1956 deinde
771 1888 887 1956 dorum
905 1898 1020 1954 natura
1041 1888 1199 1970 diximus,
1228 1914 1307 1958 cum

171 1988 253 2055 ratio
282 1991 389 2078 operis
416 1992 518 2057 dividi
549 2003 680 2080 cogeret
700 1990 864 2057 miscenda
884 2013 996 2057 rursus
1017 1999 1167 2056 naturam
1191 2015 1306 2060 rernm

169 2111 361 2176 pernoscere
382 2092 572 2159 volentibus
934 2151 944 2160 .

215 2191 268 2256 51.
300 2191 339 2255 In
358 2192 460 2258 mellis
483 2193 634 2279 operibus
656 2205 688 2258 et
709 2216 793 2279 aqua
814 2194 918 2260 mulsa
939 2192 1035 2259 debet
1055 2192 1200 2258 tractari.
1223 2193 1303 2262 Duo
1316 2211 1357 2256 uo

170 2312 293 2378 genera
312 2293 393 2372 eius,
418 2293 542 2360 subitae
563 2317 601 2360 ao
615 2295 763 2374 recentis,
786 2296 921 2360 altarum
934 2295 1142 2360 inveteratae.
1165 2293 1302 2383 Repen-

171 2393 239 2458 tina
271 2394 462 2481 despumato
494 2395 586 2462 melle
614 2396 812 2482 praeclaram
839 2396 1011 2462 utilitatem
1035 2395 1134 2461 habet
1158 2395 1198 2461 in
1228 2398 1301 2464 cibo

169 2496 404 2583 aegrotantium
427 2497 491 2563 levi
517 2498 578 2565 hoc
606 2509 657 2564 est
683 2497 782 2563 alicae
810 2497 926 2574 alutae,
954 2496 1078 2562 viribus
1097 2499 1300 2577 recreandis,

170 2598 218 2663 ori
252 2599 476 2683 stomachoque
507 2599 695 2678 mulcendo,
728 2598 835 2664 ardori
863 2598 1100 2685 refrigerand03
1138 2598 1299 2687 frigidam

170 2697 256 2765 enim
288 2699 359 2763 deri
389 2699 500 2764 utilius
532 2700 635 2765 ventri
660 2697 833 2765 molliendo
860 2698 988 2764 invenio
1015 2696 1104 2784 apud
1125 2712 1298 2778 auctorem

93 2872 108 2909 ,-
169 2799 256 2864 buno
277 2810 388 2887 potum
410 2800 586 2867 bibendum
607 2799 745 2877 alsiosis,
772 2800 849 2865 item
871 2799 968 2864 animi
990 2799 1120 2865 humilia
1142 2811 1176 2865 et
1198 2825 1297 2889 pne-

1165 2928 1186 2969 t

203 3003 330 3066 moerenia,
347 3008 379 3056 K.
392 3048 422 3056 -
443 3023 564 3056 neumam
577 3005 676 3067 dolores,
689 3009 744 3058 Vd.
759 3048 789 3055 -
809 3006 1063 3071 demoramRVd.
1080 3005 1251 3072 ἀὼροναηὶία,
1265 3002 1296 3058 θ.

167 3070 302 3136 dammum,
318 3073 350 3122 K
374 3113 405 3122 ..
432 3074 457 3122 in
472 3073 605 3123 monnicam
621 3072 701 3135 cludit,
717 3077 748 3126 R.
775 3075 799 3123 in
814 3073 1058 3137 cicatn'oemcloads't,
1074 3076 1128 3126 Τά.
1154 3075 1297 3128 dmm

167 3136 248 3200 cludit,
260 3140 294 3187 V.
320 3139 428 3188 asbaniae
439 3139 547 3200 includit,
558 3136 588 3203 β.

200 3208 286 3271 5108.
313 3205 427 3270 iocunda,
442 3209 475 3258 V.
497 3250 529 3260 -
556 3206 657 3258 tonsillis
673 3208 803 3273 anquina,
820 3211 853 3260 R
880 3208 970 3259 consilli
983 3208 1110 3274 romine,
1128 3211 1163 3260 V.
1192 3211 1296 3262 assuat

166 3270 291 3338 nequino,
304 3275 327 3324 d.
350 3276 384 3325 V.
396 3276 551 3338 Dionaeae,
567 3283 622 3327 101.
642 3318 673 3327 -
696 3278 814 3339 oriaonr.
826 3278 857 3327 R
876 3316 908 3327 ...
929 3275 1094 3338 derideriiR
1112 3317 1145 3327 -
1162 3278 1296 3344 porigam

166 3341 271 3404 moaicia,
284 3344 314 3394 R
334 3384 365 3392 ..
385 3342 528 3407 pleureticr's,
540 3347 565 3395 d.
584 3385 615 3394 ..
639 3343 764 3406 decoctum,
776 3348 802 3395 d:
823 3343 918 3393 decocto]
930 3347 962 3407 tu,
973 3345 1005 3396 R
1023 3343 1161 3410 decaetero,
1177 3339 1242 3397 OV.
1260 3388 1294 3398 .-

167 3417 190 3458 st
200 3425 217 3458 α
227 3416 342 3474 seperate,
353 3411 443 3462 Dalec
466 3413 532 3462 Mihi
549 3427 601 3461 vox
618 3411 750 3461 vulnerabas
761 3412 903 3462 adulterina
913 3413 1024 3474 videtum
1041 3412 1137 3462 centies
1148 3413 1221 3464 Ptin.
1235 3430 1295 3479 per-

166 3478 231 3526 cussi
240 3493 257 3526 a
267 3486 382 3541 soprato,
399 3493 540 3543 numquam
551 3477 649 3528 oulacm
660 3496 677 3528 a
688 3487 794 3543 semente
805 3494 921 3544 perosam
932 3481 998 3530 dixit
1008 3493 1099 3544 neque,
1114 3488 1189 3543 puto,
1208 3483 1295 3533 dicare

165 3546 258 3661 potui&
270 3584 301 3594 ...
312 3546 414 3610 suaque,
424 3541 505 3598 OVd„
516 3547 603 3611 fisqos,
614 3546 646 3597 R
659 3586 690 3598 -
706 3546 863 3612 paralyticos,
871 3547 954 3598 RVd.
969 3588 999 3598 ..
1017 3548 1294 3610 quamquam-mulso,

167 3626 208 3662 om

199 3648 284 3758 {roi
307 3678 378 3743 roro
391 3679 466 3758 uem,
479 3683 510 3759 r..
526 3681 744 3746 cumcuma
767 3681 906 3761 afleitana
917 3684 950 3733 v.
969 3720 1000 3733 -
1019 3697 1107 3744 mma,
1119 3683 1208 3733 v...
1227 3682 1293 3734 aaa

164 3747 383 3865 aw'ssm
409 3747 582 3811 radrbotronem,
598 3750 701 3825 Barbas.
713 3745 764 3815 fir.
783 3788 815 3801 ..
841 3748 946 3800 dammas
960 3754 998 3812 ll,
1011 3757 1052 3801 82.
1074 3755 1117 3811 21,
1130 3754 1178 3842 74..
1191 3790 1226 3802 -
1250 3766 1293 3802 aa·

198 3851 284 3946 aud.
307 3852 410 3946 loqu.
430 3923 459 3933 -
484 3882 768 3948 sauromatum
791 3885 895 3935 aaut
904 3881 1040 3948 aaran.
1059 3923 1090 3934 ..
1114 3882 1284 3948 mm

164 3949 220 4000 Vd.
239 3986 270 3999 ..
285 3949 447 4014 praeclamet,
460 3953 484 4000 d
503 3990 534 4002 ..
553 3952 598 4011 ori,
610 3952 699 4003 Dalec.
716 3968 764 4014 ora,
775 3948 908 4018 Rvofly.
927 3993 959 4003 ..
976 3950 1067 4014 ardori,
1078 3950 1169 4003 Doleo.
1190 3924 1294 4018 ardon:

164 4011 243 4081 asty.
261 4016 368 4079 ardores,
379 4019 464 4069 VTd.
478 4060 509 4069 -
518 4017 652 4083 fripidom,
662 4020 781 4071 Dioscor.
795 4026 818 4082 5,
833 4022 872 4072 17.
884 4061 916 4070 ..
935 4029 1021 4082 autem
1033 4020 1065 4070 K.
1080 4058 1110 4068 -
1127 4017 1188 4069 dora
1197 4021 1293 4086 naas,

164 4084 248 4136 BVd.
276 4084 356 4134 atilius
372 4082 498 4150 ὡνὴβγ.
521 4126 545 4136 ..
569 4087 655 4148 miri,
668 4088 692 4136 d.
718 4090 848 4150 vanaqR
874 4096 983 4150 umam,
996 4090 1029 4139 V.
1047 4125 1079 4137 ..
1102 4084 1146 4136 doe
1157 4095 1254 4152 potum,
1267 4094 1293 4142 d.

163 4149 206 4201 hoc
219 4160 284 4215 potu,
296 4154 359 4203 RV.
378 4193 409 4203 ..
430 4162 569 4218 praeparet,
580 4155 612 4204 R
629 4194 659 4204 -
679 4152 796 4218 heaut,
809 4159 833 4207 d.
850 4194 882 4206 ..
899 4155 1062 4221 micropayroa,
1074 4153 1108 4204 V.
1126 4153 1293 4221 mloeapaiooc,

164 4219 195 4269 R
213 4235 342 4285 eropsycos,
355 4223 378 4270 d.
397 4219 587 4286 microspdyctos,
599 4223 632 4272 K.

197 4288 282 4349 §1¹1-
300 4285 506 4348 Ermmtiqlt
523 4289 652 4349 assuatis,
663 4289 717 4340 vd.
735 4288 783 4339 Est
794 4298 817 4338 et
827 4289 898 4352 rosto,
909 4286 938 4351 β.
952 4331 983 4340 -
1003 4288 1293 4356 summamus),
