2896 4792
131 274 174 336 34
461 267 464 275 '
484 285 689 333 rennuens
709 285 905 332 meremus
988 259 991 271 ’

131 438 314 521 multaeque
337 436 543 513 silvestrium,
566 457 583 499 e
606 432 723 518 quibus
743 434 886 498 montani
907 432 1097 519 praetenuia
1117 432 1171 498 fila
1192 434 1249 501 de-

131 549 300 625 cerpentes
321 535 502 624 spectabilis
523 534 655 621 lagenas
683 545 716 600 et
741 534 802 598 alia
830 555 909 599 vasa
929 542 1071 598 nectunt.
1108 531 1252 615 Quidam
1268 553 1315 599 raa

131 662 195 703 non
222 638 317 703 altius
344 636 537 703 descendere
566 633 692 702 radices
719 656 816 719 quam
844 634 919 699 solis
954 633 1039 700 calor
1071 634 1251 721 tepefaciat,

130 739 227 823 idque
248 749 362 804 natura
382 738 442 804 loci
466 735 619 803 tenuioris
641 735 782 801 crassive
803 735 924 813 dixere,
952 734 1039 819 quod
1060 734 1177 801 falsum
1198 758 1251 800 ar-

134 839 249 918 bitror3
286 839 373 925 apud
402 848 550 904 auctores
576 847 662 902 certe
690 836 867 913 invenitur,
901 836 1015 902 abietis
1041 835 1151 923 planta
1178 859 1252 903 eum

132 941 367 1016 transferretur,
395 961 455 1003 vm
478 937 658 1004 cubitorum
679 936 714 1000 in
736 936 919 1014 altitudine,
949 959 1009 1002 nec
1031 947 1127 1003 totam
1150 938 1251 1003 refos-

133 1063 202 1105 sam
234 1040 291 1105 sed
322 1038 501 1125 abruptam.
552 1036 708 1102 Maxuma
743 1037 846 1124 spatio
873 1047 969 1121 atque
995 1037 1195 1123 plenitudine
1221 1050 1254 1104 et

132 1141 205 1207 citri
227 1153 290 1219 est3
319 1140 360 1206 ab
382 1163 421 1205 ea
440 1138 574 1226 platani,
601 1138 725 1204 roboris
748 1149 779 1204 et
800 1137 1060 1226 glandiferarum.
1099 1137 1252 1220 Quarun-
1267 1158 1316 1204 rso

132 1242 206 1305 darn
228 1242 320 1306 radix
342 1240 481 1306 vivacior
504 1239 681 1326 superficie,
710 1250 747 1305 ut
773 1239 872 1314 lauri3
900 1239 1009 1323 itaque
1039 1262 1112 1304 cum
1140 1252 1253 1307 muner)

131 1340 263 1420 inaruit,
287 1343 390 1408 recisa
411 1341 509 1406 etiam
528 1340 643 1406 laetius
665 1341 807 1407 fruticat.
831 1338 973 1423 Quidam
987 1339 1144 1408 brevitate
1165 1341 1252 1406 radi-

133 1463 207 1506 cum
228 1441 365 1507 celerius
387 1464 553 1512 senescere
575 1440 706 1507 arbores
732 1453 858 1528 putant,
888 1441 974 1526 quod
1001 1455 1180 1528 coarguunt
1200 1442 1254 1508 fici

132 1563 268 1627 quarum
294 1542 418 1606 radices
446 1542 654 1628 longissimae
685 1554 717 1607 et
745 1555 894 1607 senectus
923 1543 1079 1608 ocissima
1121 1543 1254 1608 Falsum

132 1642 271 1708 arbitror
293 1656 326 1708 et
346 1642 433 1728 quod
454 1642 553 1726 aliqui
575 1641 745 1727 prodidere
768 1642 891 1707 radices
918 1644 1067 1709 arborum
1094 1655 1253 1734 vetustate

133 1743 253 1820 minui3
282 1743 351 1808 visa
373 1744 458 1809 enim
480 1753 529 1808 est
555 1765 677 1808 annosa
705 1764 842 1826 quercus
869 1765 980 1811 eversa
1002 1745 1200 1830 tempestatis
1222 1745 1253 1810 vi

133 1844 283 1932 iugerum
305 1842 363 1908 soli
386 1843 542 1930 amplexa.

179 1946 229 2009 57.
261 1942 445 2010 Prostratas
467 1943 592 2009 restitui
620 1944 808 2029 plerumque
832 1953 862 2009 et
884 1946 1022 2029 quadam
1045 1956 1147 2012 terrae
1169 1946 1253 2013 cica—
1268 1963 1316 2010 rer

136 2044 213 2110 trioe
234 2044 395 2111 vivescere
417 2046 547 2133 volgare
562 2053 627 2120 est3
648 2043 930 2112 familiarissimum
944 2045 1006 2112 hoc
1019 2047 1156 2133 platanis
1171 2069 1254 2131 quae

135 2143 319 2229 plurumum
340 2157 508 2212 ventorum
529 2145 714 2231 concipiunt
733 2157 865 2233 propter
880 2146 1068 2223 densitatem
1082 2171 1254 2225 ramorum,

135 2245 253 2331 quibus
282 2248 456 2333 amputatis
483 2247 589 2314 levato
622 2269 717 2312 onere
745 2248 780 2312 in
806 2271 865 2313 sua
897 2246 1008 2314 scrobe
1040 2263 1253 2336 reponuntur3

136 2348 318 2432 factumque
347 2349 412 2414 iam
439 2359 487 2414 est
508 2349 569 2414 hoc
591 2358 623 2412 et
642 2349 676 2412 in
696 2348 912 2435 iuglandibus
924 2349 1065 2434 oleisque
1086 2371 1125 2415 ac
1146 2349 1254 2415 multis

136 2447 218 2513 aliis.
256 2447 415 2515 XXXII.
443 2449 506 2515 Est
533 2449 567 2513 in
597 2449 752 2535 exemplis
779 2462 812 2516 et
838 2449 907 2517 sine
936 2459 1123 2537 tempestate
1149 2451 1254 2517 ullave
1269 2468 1318 2514 rea

136 2621 301 2682 grammatico
313 2623 462 2672 destitutum
473 2623 573 2672 mechir.
593 2622 651 2683 Quo
664 2624 731 2672 anim
743 2622 865 2674 referatur
875 2622 934 2672 inec
946 2624 1042 2687 etquid
1054 2622 1130 2675 facies
1142 2639 1174 2674 ex
1186 2624 1255 2673 miris

135 2687 294 2738 nominativis
305 2689 370 2738 obses
379 2688 515 2752 multaeque,
526 2691 569 2752 qui
578 2693 644 2740 unde
656 2691 708 2755 apti
721 2692 779 2753 sint,
791 2707 866 2741 nemo
876 2692 1073 2742 demonstrabit?
1090 2693 1179 2756 Neque
1188 2693 1256 2740 enim

33 2770 36 2782 ¹
136 2754 193 2818 ipsa
203 2755 271 2806 abies
283 2757 429 2821 multaeque
440 2757 592 2806 silvestrium
604 2758 649 2806 illa
661 2759 840 2822 capillamenta
851 2760 955 2822 gignere
967 2760 1095 2820 dicuntur,
1114 2762 1157 2809 sed
1169 2773 1255 2806 aarum

135 2822 240 2872 radices.
258 2824 372 2873 Primum
380 2825 457 2886 igitur
466 2838 498 2872 ex
509 2825 621 2888 vestigiis
632 2827 746 2876 codicum
758 2826 930 2875 scribendumr
939 2825 1033 2875 miavu's
1044 2823 1141 2886 lae(sc.
1150 2825 1254 2882 radices,

136 2903 201 2952 quae
212 2891 328 2940 flexuoso
340 2899 425 2940 meatu
437 2891 626 2956 expanduntur)
638 2891 810 2956 capillamentis
821 2890 932 2953 hirsutae,
944 2900 973 2942 ut
984 2894 1048 2941 haec
1059 2891 1198 2942 enuudatio
1211 2904 1256 2954 per

80 2990 83 2996 ,
137 2957 324 3019 appositionem
341 2958 511 3021 superioribus
523 2969 676 3011 annectatur.
698 2961 797 3011 Deinde
809 2961 932 3022 quaedam
946 2959 1084 3008 exciderint
1095 2972 1196 3007 necesse
1209 2964 1254 3017 est,

137 3024 206 3084 quod
219 3024 278 3072 inde
290 3025 425 3074 certissime
437 3027 508 3088 sequi
520 3027 625 3088 videtur,
643 3030 710 3090 quod
722 3027 836 3076 montani
848 3041 894 3075 sua
906 3041 967 3076 vasa
979 3022 1031 3074 non
1044 3039 1057 3072 a
1070 3025 1255 3088 capillamentis

136 3090 228 3139 radicis
239 3090 287 3151 fici,
305 3093 350 3140 sed
366 3093 453 3144 abietis
465 3095 621 3157 aliarumque
632 3094 783 3144 silvestrium
795 3095 936 3142 nectebant.
959 3093 1057 3153 Quodsi
1068 3094 1254 3156 perpendimus,

137 3170 214 3219 quam
232 3173 307 3221 saepe
324 3173 401 3209 voces
416 3161 555 3212 interierint
571 3177 618 3226 per
632 3161 820 3211 similitudinem
845 3159 994 3213 vicinarum.
1016 3173 1069 3209 nou
1086 3161 1255 3223 improbabile

136 3222 199 3271 mihi
211 3234 248 3274 est
267 3225 378 3275 Plinium
394 3228 522 3292 scripsisse
537 3245 572 3277 ea
584 3226 631 3291 (sc.
643 3224 836 3292 capillamenta)
848 3224 934 3274 babet
950 3232 977 3273 et
992 3224 1058 3273 obice
1070 3225 1200 3291 multaeque
1211 3225 1254 3276 ril-

139 3289 257 3341 vestrium.
271 3333 301 3340 -
321 3291 440 3357 loquenda,
452 3312 474 3345 a.

171 3359 255 3420 5121.
279 3361 395 3423 tenuiores,
408 3363 462 3412 Τά.
489 3362 609 3422 tenuiores,
620 3363 674 3411 aK.
694 3401 724 3410 -
743 3359 854 3421 crassive,
865 3361 912 3410 Di.
937 3359 1134 3424 pravissive,D¹.
1159 3360 1254 3424 yruvis-

136 3423 200 3484 ame,
213 3441 236 3476 a.
260 3427 379 3490 provisae,
392 3429 445 3479 Td.
472 3428 679 3489 emeat-evae.
706 3426 865 3488 erussmrisve,
881 3422 933 3491 βγ.
961 3427 1074 3476 novimas
1084 3427 1254 3490 eiecerundis-

136 3489 209 3541 simae
221 3491 315 3557 disere,
333 3496 446 3560 Scaliger
462 3500 494 3547 ad
510 3496 641 3560 Theophr.
654 3496 712 3545 hist
724 3496 804 3559 plaut.
817 3510 841 3558 p.
854 3497 909 3553 37„
927 3509 1002 3558 quem
1014 3511 1037 3544 v.
1049 3496 1109 3544 ibid.
1121 3493 1142 3542 L
1157 3497 1180 3554 7,
1195 3500 1216 3543 1.
1230 3503 1255 3543 et

138 3559 168 3608 de
181 3574 247 3610 caus.
264 3564 343 3626 plant.
359 3566 380 3616 L
399 3568 421 3626 7,
442 3570 480 3615 11.
504 3604 535 3613 ..
563 3561 658 3624 abietu3
677 3563 709 3611 de
723 3562 800 3610 larice
817 3558 929 3640 (πεύκη)
946 3570 1031 3611 narrat
1046 3561 1178 3624 Theophr.
1196 3561 1255 3611 hist.

136 3626 215 3689 plaut.
228 3628 263 3677 IL
276 3636 299 3691 5,
312 3636 336 3680 2.
360 3672 391 3681 -
411 3629 598 3695 plantaaPint
617 3670 647 3679 ..
671 3626 876 3691 multitudines.
899 3627 1157 3689 tnulutvdinemffd.
1175 3625 1255 3676 ultius.

135 3689 189 3742 dive
201 3693 395 3761 radicemfaisse,
407 3700 440 3750 K.
459 3739 490 3748 -
508 3694 581 3757 cedri,
591 3696 624 3746 K

170 3760 255 3821 §leo
273 3762 363 3826 laurus,
375 3769 399 3816 d.
418 3805 449 3815 ..
468 3772 570 3825 truncus,
581 3764 614 3815 K.
633 3802 664 3811 -
683 3759 765 3824 aliqui,
778 3764 802 3812 d.
820 3761 898 3827 aliqui
907 3772 941 3825 vt,
953 3782 976 3815 a.
990 3804 1021 3813 ..
1040 3770 1155 3813 vetustate
1167 3761 1256 3822 minaci,-

135 3827 195 3888 visu‚
208 3832 231 3880 d.
258 3840 394 3881 vetustatem
406 3829 517 3891 indivisa,
533 3847 556 3880 a.
574 3870 605 3879 -
625 3828 684 3877 enim
697 3837 738 3889 est,
753 3822 802 3879 Oa.
828 3831 941 3893 estasim,
954 3834 978 3881 d.
1005 3830 1087 3879 etenim
1100 3836 1140 3890 est,
1152 3824 1204 3893 βγ.
1222 3870 1255 3879 .-

135 3910 239 3946 canosoe
250 3905 276 3948 et
287 3914 389 3960 massa
397 3899 464 3949 Pint.
479 3936 510 3946 ..
526 3896 667 3960 tempestatis
678 3896 710 3958 vi,
722 3900 746 3947 d.
765 3899 907 3961 tenpestate
918 3907 952 3961 ut,
964 3916 986 3949 a.
1005 3898 1030 3946 vi
1041 3897 1192 3962 tempestatis,
1203 3893 1254 3961 βγ.

136 4003 166 4011 ..
186 3964 355 4028 superamus.
377 3965 421 4014 eti
450 3959 585 4028 erumpis.

168 4029 182 4090 ἓ
198 4038 254 4082 131.
277 4031 400 4094 vivescere,
416 3981 501 4081 dyada
527 4029 672 4092 reviviscere,
689 4027 719 4093 β.
744 4032 860 4084 Ceterum
872 4049 896 4082 v.
909 4034 1041 4097 Theophr.
1054 4035 1071 4083 l.
1084 4034 1102 4082 1.
1115 4032 1163 4083 1v.
1179 4038 1218 4093 lo,
1230 4037 1255 4081 2.

133 4137 165 4215 d-
175 4097 404 4214 sm'ilm‘m'}
416 4099 490 4228 qud.
507 4095 544 4146 Et
551 4096 643 4161 famil,
654 4094 704 4164 βγ.
717 4141 748 4151 ..
768 4099 852 4163 boeto,
864 4101 954 4151 Tadr.
973 4099 1072 4163 levatae,
1083 4096 1135 4165 βγ.
1156 4141 1187 4150 ..
1205 4114 1255 4160 evo,

150 4201 208 4215 .-
243 4169 368 4223 occt,ad.
403 4183 437 4228 oc,
493 4202 499 4215 .

167 4234 252 4295 §lea
278 4230 337 4294 aleb,
351 4249 401 4285 om.
414 4250 433 4285 r.
454 4180 492 4283 ..ν
509 4233 594 4300 popvli
609 4233 725 4298 1111111111,
748 4228 836 4287 91111.
861 4234 949 4301 populo
960 4234 1078 4298 Romano,
1096 4237 1210 4288 Brisson.
1224 4235 1255 4283 de
