2896 4792
402 296 472 340 nra.
489 295 591 342 xvm.
623 293 701 340 cnr.
719 293 818 340 xxrv.
851 291 948 340 saer.
965 295 995 338 55.
1011 295 1041 337 a.
1220 279 1280 342 189

158 448 366 536 vergiliarum
387 446 476 529 sequi
499 445 628 522 imbris,
651 468 671 508 a
692 456 839 529 septumo
862 444 929 509 fere
951 444 1019 518 die;
1049 444 1147 527 aliqui
1169 443 1202 507 in
1224 445 1280 508 lri·

158 549 244 637 gidis
265 547 307 612 ab
329 547 529 631 aequinoctio
549 547 705 625 autumni,
728 547 761 610 in
784 545 896 610 calidis
918 545 1032 622 serius,
1055 568 1094 610 ne
1117 557 1190 610 ante
1211 546 1280 612 hie-

157 673 243 717 mem
265 649 438 714 luxurient.
475 648 566 714 Inter
588 647 690 713 omnis
713 659 821 713 autem
850 646 998 712 convenit
1024 647 1110 711 circa
1134 647 1280 712 brumam
1295 664 1344 708 ror

159 751 330 819 serendum
351 772 414 814 nou
438 771 518 827 esse,
540 771 658 837 magno
674 758 878 836 argumento,
903 747 1052 832 quoniam
1073 747 1209 813 hiberna
1230 770 1280 815 se-

157 854 258 930 mina,
289 873 362 916 cum
390 861 463 915 aute
484 850 632 915 brumam
654 861 725 915 sata
747 852 825 928 sint,
856 861 1004 935 septumo
1026 849 1078 913 die
1101 861 1281 935 erumpant,

159 955 186 1019 si
207 964 281 1040 post
302 953 465 1030 brumam,
488 952 543 1017 vix
564 951 821 1039 quadragesimo.
854 948 939 1016 Sunt
960 951 1016 1034 qui
1038 962 1210 1037 properent
1230 963 1282 1017 at·

158 1078 221 1140 que
245 1055 292 1119 ita
318 1053 542 1138 pronuntient,
578 1052 761 1118 festinatam
796 1063 971 1118 sementem
998 1074 1095 1137 saepe
1122 1052 1282 1139 decipere,

159 1156 334 1221 serotinam
353 1177 494 1240 semper3
518 1154 710 1220 econtrario
725 1153 790 1231 alii,
812 1154 863 1218 vel
885 1176 961 1219 vere
983 1153 1091 1239 potins
1114 1156 1282 1220 serendum

159 1278 256 1340 quam
277 1255 360 1321 malo
382 1266 554 1333 autumno,
583 1265 679 1339 atque
706 1254 762 1319 ubi
786 1254 883 1320 fuerit
909 1277 1058 1333 necesse,
1088 1256 1171 1319 iuter
1191 1258 1281 1322 favo-

159 1356 248 1421 nium
269 1365 303 1420 et
323 1378 457 1423 vernum
479 1355 726 1439 aequinoctium.
750 1354 892 1435 Quidam
912 1355 1030 1420 omissa
1053 1356 1183 1421 caelesti
1206 1358 1282 1424 sub·
1296 1371 1344 1416 2⁰5

160 1457 275 1522 tilitate
301 1457 499 1544 temporibus
526 1456 697 1521 definiunt:
726 1478 804 1520 vere
831 1456 932 1520 linum
961 1467 994 1522 et
1014 1478 1149 1521 avenam
1171 1469 1203 1523 et
1223 1480 1283 1545 pa·

159 1581 258 1644 pavor
279 1569 389 1642 atque,
419 1559 467 1623 uti
488 1580 574 1623 nunc
596 1559 692 1622 etiam
713 1557 921 1643 transpadani
948 1567 1093 1634 servant,
1126 1558 1282 1641 usquein

159 1660 389 1743 quinquatrus,
423 1658 546 1737 fabam,
583 1658 743 1746 siliginem
777 1657 953 1723 Novembri
985 1681 1109 1735 mense,
1142 1658 1194 1722 far
1219 1655 1282 1724 Ss-

160 1761 298 1847 ptembri
313 1772 458 1827 extremo
472 1782 576 1844 usque
589 1761 624 1825 in
637 1760 711 1825 idus
726 1757 895 1838 Octobris,
918 1760 972 1824 alii
993 1772 1068 1846 post
1088 1760 1174 1825 hunc
1197 1761 1282 1827 diem

160 1863 194 1926 in
214 1862 368 1928 kalendas
388 1861 595 1927 Novembris.
625 1861 677 1925 Ita
698 1860 748 1926 his
769 1861 857 1926 nulla
877 1871 1010 1926 naturae
1033 1883 1110 1926 cura
1132 1873 1197 1940 est,
1219 1862 1282 1928 illis

160 1964 267 2042 nimia,
290 1975 322 2028 et
342 1963 415 2027 ideo
435 1985 530 2027 caeca
551 1962 722 2039 subtilitas,
745 1984 819 2026 cum
838 1984 889 2027 res
903 1974 1035 2049 geratur
1048 1964 1132 2029 iuter
1145 1964 1282 2030 rusticos

159 2065 400 2148 litterarumque
422 2063 581 2148 expertis,
610 2085 674 2127 non
696 2063 791 2127 modo
813 2062 965 2128 siderum.
1001 2061 1047 2127 Et
1068 2064 1282 2130 confitendum
1296 2077 1345 2122 20⁶

161 2174 209 2231 est
246 2166 335 2231 caelo
371 2187 520 2230 maxume
555 2175 704 2230 constare
733 2186 785 2241 ea,
826 2163 947 2250 quippe
976 2163 1123 2252 Vergilio
1152 2165 1283 2232 iubente

160 2265 320 2352 praedisci
343 2276 456 2330 ventos
479 2277 552 2330 ante
574 2265 682 2329 omnia
704 2286 741 2329 ac
763 2264 902 2330 siderum
924 2287 1049 2344 mores,
1072 2288 1176 2351 neque
1191 2266 1284 2332 aliter

159 2389 255 2451 quam
278 2366 507 2454 navigantibus
530 2366 662 2432 servari.
690 2363 775 2450 Spes
797 2367 898 2431 ardua
920 2377 953 2431 et
979 2368 1124 2433 inmensa
1156 2366 1284 2433 misceri

160 2490 256 2553 posse
287 2469 459 2534 caelestem
491 2467 691 2532 divinitatem
722 2467 890 2551 inperitiae
922 2468 1078 2547 rusticae,
1116 2469 1172 2534 sed
1200 2479 1281 2533 tern-

159 2569 281 2654 ptanda
302 2579 369 2634 tam
389 2570 505 2658 grandi
526 2569 610 2633 vitae
633 2568 863 2643 emolument03
892 2567 983 2652 prins
1006 2579 1112 2634 tamen
1135 2569 1282 2634 sideralis

160 2669 348 2748 difficultas,
377 2692 475 2756 qua-m
498 2691 627 2735 sensere
657 2668 752 2734 etiam
780 2668 892 2754 periti,
926 2669 1113 2734 subicienda
1138 2680 1281 2736 contem·

160 2770 294 2855 plationi
316 2779 381 2849 est,
403 2793 466 2854 qno
480 2770 597 2835 deinde
611 2769 725 2834 laetior
743 2791 834 2833 mens
856 2769 999 2834 discedat
1015 2793 1034 2834 a
1049 2771 1137 2835 caelo
1152 2781 1185 2836 et
1198 2772 1282 2837 facta
1360 2800 1367 2821 κ

161 2872 276 2936 sentiat
297 2892 379 2955 quae
401 2873 508 2935 futura
529 2869 697 2957 praenosci
718 2892 783 2934 non
805 2870 938 2956 possint.

194 3097 279 3158 §202
303 3093 390 3156 troad.
413 3135 440 3144 ..
466 3093 586 3159 Vnpilins
602 3109 689 3158 georg.
704 3101 725 3156 1,
738 3101 801 3171 219.Ι
816 3136 845 3144 ..
870 3093 988 3152 lordenrn
1001 3096 1098 3159 Vergil.
1111 3097 1128 3145 l.
1140 3096 1157 3146 l.
1171 3102 1228 3146 208.
1247 3136 1278 3146 ,

160 3177 252 3237 vidam,
262 3179 358 3241 Vergil.
371 3180 388 3228 l.
401 3180 418 3228 l.
431 3183 488 3229 227.
503 3220 534 3228 ..
551 3177 675 3242 passiolos,
688 3180 712 3228 d.
722 3161 867 3242 snaailiobr,
879 3196 901 3229 a.
920 3188 944 3228 et
950 3177 1067 3241 ferreolos,
1080 3181 1148 3230 T...
1166 3197 1221 3243 qna,
1234 3180 1279 3230 ad.

162 3287 191 3293 ..
211 3244 342 3308 diperendi,
354 3247 458 3296 Barbar.
476 3243 603 3309 diripendi,
618 3239 721 3295 OTad.

194 3332 209 3392 ξ
221 3336 278 3380 203.
296 3345 342 3378 non
354 3337 521 3394 conampente,
533 3330 621 3391 Hard,
640 3333 707 3392 quod
719 3331 810 3394 probat
822 3329 969 3381 Schneider.
982 3332 1014 3379 ad
1026 3330 1162 3381 Columell.
1175 3332 1210 3381 11.
1221 3339 1245 3394 8,
1254 3339 1278 3381 4.

161 3405 329 3460 corrumpente,
342 3393 434 3461 adssr.
453 3396 612 3461 inconnptnm
624 3405 650 3445 nt
661 3395 751 3458 lenm,
763 3399 830 3446 Pint.

193 3481 279 3542 5204.
303 3483 373 3544 α’τνα,
390 3484 474 3534 Ursin.
491 3484 523 3532 ad
539 3483 613 3532 Varr.
631 3484 662 3532 de
677 3498 704 3532 re
720 3490 781 3531 rust.
798 3481 819 3531 1.
832 3489 873 3543 34,
887 3490 909 3532 l.
926 3493 951 3532 et
963 3485 1042 3544 Pint.,
1061 3484 1104 3546 qni
1122 3486 1197 3535 etiarn
1214 3483 1279 3535 altra

161 3552 211 3612 legi
223 3565 299 3613 posse
312 3552 353 3600 ait.
372 3552 409 3600 At
420 3566 443 3599 v.
454 3549 590 3600 Columell.
603 3549 638 3598 II.
652 3554 675 3610 8,
688 3555 712 3599 2.
725 3590 754 3598 -
770 3547 875 3605 hiberna,
887 3550 954 3600 delet
965 3550 1049 3601 Ursin.
1062 3591 1092 3600 ..
1111 3559 1175 3613 rata,
1188 3553 1277 3603 Toldr.

161 3625 227 3675 nata,
239 3613 268 3678 β.
287 3658 318 3666 ..
337 3624 398 3678 sunt,
411 3633 430 3666 r.
449 3658 479 3667 ..
497 3624 635 3680 properant,
648 3633 670 3666 a
689 3657 720 3665 -
740 3614 809 3673 mab,
826 3609 923 3667 OTad.
942 3615 1047 3674 malein,
1058 3612 1087 3679 β.

193 3701 279 3762 ξ205.
306 3701 399 3758 embra,
415 3702 461 3752 ad.
480 3741 510 3750 ..
539 3698 634 3749 caelesti
647 3699 781 3758 subtilitate,
798 3693 876 3750 θΤᾱ.
903 3698 1010 3750 caelestis
1021 3701 1119 3762 vilitate,
1134 3719 1156 3752 a.
1183 3701 1281 3752 caelesti

159 3784 217 3816 cura
233 3777 259 3817 nt
273 3767 359 3829 inutili,
370 3764 400 3829 β
420 3809 450 3817 ..
478 3766 600 3829 dqfiniunt,
617 3767 669 3816 Td.
697 3765 856 3829 deplorante.
881 3775 969 3829 rerunt,
983 3764 1011 3818 θ.
1030 3810 1061 3819 -
1088 3785 1149 3819 nnnc
1163 3769 1242 3830 enam,
1255 3785 1277 3820 a.

160 3852 228 3895 nnnc,
242 3830 291 3885 Od.
311 3876 341 3884 -
360 3834 462 3898 quinque
473 3833 535 3889 idua,
547 3851 569 3885 a.
584 3875 614 3884 -
634 3833 773 3894 Novembre,
790 3827 839 3883 Oa.
852 3876 883 3884 ..
902 3851 968 3896 cara,
981 3852 1004 3886 a.
1023 3853 1081 3886 cara
1093 3836 1196 3896 minima,
1209 3839 1232 3886 d.
1245 3877 1278 3887 .-

158 3911 258 3965 peratur
269 3902 331 3951 inter
342 3902 448 3961 mutuor,
460 3905 506 3951 ad.
523 3901 584 3951 inter
594 3901 693 3951 antimo
703 3908 809 3966 peretur,
820 3897 849 3962 β.
870 3942 900 3951 ..
919 3919 972 3963 non,
986 3906 1042 3953 a¹d.
1060 3919 1123 3962 num,
1136 3919 1152 3951 a
1159 3906 1176 3951 ².

193 3987 279 4047 §2⁰5-
301 3983 358 4045 Sed,
371 3986 403 4036 K.
424 4025 454 4034 -
480 3984 585 4049 Verpilio
596 4000 682 4048 georg.
697 3990 719 4042 l,
732 3992 789 4036 204.
812 4025 835 4034 -
863 3988 1029 4046 moranPint.
1048 4026 1079 4034 ..
1098 3984 1278 4048 nonatum.

162 4092 191 4100 -
212 4060 234 4100 et
245 4053 359 4112 amana,
370 4069 392 4101 a.
413 4052 534 4111 immenso,
546 4055 570 4102 d.
588 4093 619 4102 ..
638 4052 749 4113 rusticae,
762 4054 794 4102 T.
807 4054 895 4104 omitt.
908 4049 999 4118 adsty.
1020 4093 1049 4102 ..
1070 4051 1277 4114 retardarent.

161 4118 217 4168 Gel.
236 4117 424 4181 contemplanda,
436 4120 547 4181 Tadrr.
567 4159 598 4166 -
617 4126 673 4179 tam,
690 4122 733 4169 ad.
756 4119 814 4181 iam,
830 4121 904 4169 codd.
917 4121 975 4170 Gel.
999 4127 1083 4179 tamen,
1096 4136 1115 4168 r.
1134 4161 1164 4169 ..
1181 4118 1245 4185 plen,
1256 4138 1276 4171 r.

161 4225 191 4235 ..
210 4184 420 4248 contemplationis,
433 4201 455 4235 c.
474 4226 504 4234 ..
524 4200 578 4246 qno,
593 4178 708 4236 Odadr.
726 4184 796 4248 qnod,
808 4183 836 4247 β.
856 4226 886 4234 -
898 4187 977 4250 foeta,
993 4180 1022 4235 θ.
1042 4226 1072 4234 -
1088 4196 1193 4250 possunt,
1205 4190 1237 4238 T.
