<?xml version="1.0" encoding="UTF-8"?>
<!DOCTYPE html PUBLIC "-//W3C//DTD XHTML 1.0 Transitional//EN"
    "http://www.w3.org/TR/xhtml1/DTD/xhtml1-transitional.dtd">
<html xmlns="http://www.w3.org/1999/xhtml" xml:lang="en" lang="en">
 <head>
  <title>
</title>
<meta http-equiv="Content-Type" content="text/html;charset=utf-8" />
  <meta name='ocr-system' content='tesseract 3.04.00' />
  <meta name='ocr-capabilities' content='ocr_page ocr_carea ocr_par ocr_line ocrx_word'/>
</head>
<body>
  <div class='ocr_page' id='page_1' title='image "./cplinisecundina11plingoog_0054.png"; bbox 0 0 2896 4792; ppageno 0'>
   <div class='ocr_carea' id='block_1_1' title="bbox 302 276 1260 343">
    <p class='ocr_par' dir='ltr' id='par_1_1' title="bbox 302 276 1260 343">
     <span class='ocr_line' id='line_1_1' title="bbox 302 276 1260 343; baseline 0 0"><span class='ocrx_word' id='word_1_1' title='bbox 302 296 373 343; x_wconf 79' lang='lat' dir='ltr'>us.</span> <span class='ocrx_word' id='word_1_2' title='bbox 389 296 464 343; x_wconf 85' lang='lat' dir='ltr'>xvr.</span> <span class='ocrx_word' id='word_1_3' title='bbox 495 292 574 342; x_wconf 74' lang='lat' dir='ltr'>om.</span> <span class='ocrx_word' id='word_1_4' title='bbox 589 295 716 342; x_wconf 77' lang='lat' dir='ltr'>xxnvr.</span> <span class='ocrx_word' id='word_1_5' title='bbox 731 294 872 342; x_wconf 79' lang='lat' dir='ltr'>mvn.</span> <span class='ocrx_word' id='word_1_6' title='bbox 901 293 1000 342; x_wconf 82' lang='lat' dir='ltr'>sacr.</span> <span class='ocrx_word' id='word_1_7' title='bbox 1015 295 1099 339; x_wconf 74' lang='lat' dir='ltr'>ee-es.</span> <span class='ocrx_word' id='word_1_8' title='bbox 1216 276 1260 343; x_wconf 75' lang='lat' dir='ltr'>ts</span> 
     </span>
    </p>
   </div>
   <div class='ocr_carea' id='block_1_2' title="bbox 138 444 1325 2644">
    <p class='ocr_par' dir='ltr' id='par_1_2' title="bbox 140 444 1263 1032">
     <span class='ocr_line' id='line_1_2' title="bbox 144 444 1262 536; baseline -0.005 -24"><span class='ocrx_word' id='word_1_9' title='bbox 144 469 262 536; x_wconf 81' lang='lat' dir='ltr'>gruere</span> <span class='ocrx_word' id='word_1_10' title='bbox 290 466 480 533; x_wconf 88' lang='lat' dir='ltr'>persuasum</span> <span class='ocrx_word' id='word_1_11' title='bbox 508 458 577 510; x_wconf 87' lang='lat' dir='ltr'>erat</span> <span class='ocrx_word' id='word_1_12' title='bbox 605 455 638 510; x_wconf 91' lang='lat' dir='ltr'>et</span> <span class='ocrx_word' id='word_1_13' title='bbox 659 466 729 509; x_wconf 87' lang='lat' dir='ltr'>eam</span> <span class='ocrx_word' id='word_1_14' title='bbox 768 465 851 528; x_wconf 89' lang='lat' dir='ltr'>quae</span> <span class='ocrx_word' id='word_1_15' title='bbox 879 444 1021 509; x_wconf 89' lang='lat' dir='ltr'>radicem</span> <span class='ocrx_word' id='word_1_16' title='bbox 1046 454 1262 509; x_wconf 73' lang='lat' dir='ltr'><strong>antecesserat</strong></span> 
     </span>
     <span class='ocr_line' id='line_1_3' title="bbox 141 543 1263 628; baseline -0.005 -14"><span class='ocrx_word' id='word_1_17' title='bbox 141 551 252 614; x_wconf 83' lang='lat' dir='ltr'>laevae</span> <span class='ocrx_word' id='word_1_18' title='bbox 273 545 371 611; x_wconf 89' lang='lat' dir='ltr'>tibiae</span> <span class='ocrx_word' id='word_1_19' title='bbox 392 545 579 623; x_wconf 88' lang='lat' dir='ltr'>convenire,</span> <span class='ocrx_word' id='word_1_20' title='bbox 602 567 686 628; x_wconf 89' lang='lat' dir='ltr'>quae</span> <span class='ocrx_word' id='word_1_21' title='bbox 707 566 875 621; x_wconf 87' lang='lat' dir='ltr'>cacumen,</span> <span class='ocrx_word' id='word_1_22' title='bbox 898 543 1062 621; x_wconf 80' lang='lat' dir='ltr'>dexterae,</span> <span class='ocrx_word' id='word_1_23' title='bbox 1083 545 1263 609; x_wconf 91' lang='lat' dir='ltr'>inmensum</span> 
     </span>
     <span class='ocr_line' id='line_1_4' title="bbox 142 642 1263 734; baseline -0.002 -21"><span class='ocrx_word' id='word_1_24' title='bbox 142 659 298 734; x_wconf 85' lang='lat' dir='ltr'>quantum</span> <span class='ocrx_word' id='word_1_25' title='bbox 318 646 469 732; x_wconf 86' lang='lat' dir='ltr'>praelatis</span> <span class='ocrx_word' id='word_1_26' title='bbox 492 667 573 728; x_wconf 85' lang='lat' dir='ltr'>quas</span> <span class='ocrx_word' id='word_1_27' title='bbox 594 645 663 730; x_wconf 88' lang='lat' dir='ltr'>ipse</span> <span class='ocrx_word' id='word_1_28' title='bbox 679 642 841 730; x_wconf 80' lang='lat' dir='ltr'>Cephisus</span> <span class='ocrx_word' id='word_1_29' title='bbox 862 644 1024 710; x_wconf 81' lang='lat' dir='ltr'>abluisset.</span> <span class='ocrx_word' id='word_1_30' title='bbox 1045 643 1140 709; x_wconf 89' lang='lat' dir='ltr'>Nunc</span> <span class='ocrx_word' id='word_1_31' title='bbox 1163 646 1263 711; x_wconf 90' lang='lat' dir='ltr'>sacri·</span> 
     </span>
     <span class='ocr_line' id='line_1_5' title="bbox 141 745 1261 830; baseline -0.004 -15"><span class='ocrx_word' id='word_1_32' title='bbox 141 751 221 815; x_wconf 84' lang='lat' dir='ltr'>ficas</span> <span class='ocrx_word' id='word_1_33' title='bbox 236 749 415 812; x_wconf 83' lang='lat' dir='ltr'>Tuscorum</span> <span class='ocrx_word' id='word_1_34' title='bbox 437 769 455 812; x_wconf 92' lang='lat' dir='ltr'>e</span> <span class='ocrx_word' id='word_1_35' title='bbox 476 746 574 823; x_wconf 88' lang='lat' dir='ltr'>buxo,</span> <span class='ocrx_word' id='word_1_36' title='bbox 596 746 738 811; x_wconf 76' lang='lat' dir='ltr'>ludicrae</span> <span class='ocrx_word' id='word_1_37' title='bbox 760 767 836 810; x_wconf 90' lang='lat' dir='ltr'>vero</span> <span class='ocrx_word' id='word_1_38' title='bbox 858 768 876 810; x_wconf 93' lang='lat' dir='ltr'>e</span> <span class='ocrx_word' id='word_1_39' title='bbox 897 746 963 811; x_wconf 90' lang='lat' dir='ltr'>loto</span> <span class='ocrx_word' id='word_1_40' title='bbox 984 745 1175 830; x_wconf 88' lang='lat' dir='ltr'>ossibusque</span> <span class='ocrx_word' id='word_1_41' title='bbox 1197 747 1261 812; x_wconf 90' lang='lat' dir='ltr'>asi·</span> 
     </span>
     <span class='ocr_line' id='line_1_6' title="bbox 141 844 1262 932; baseline -0.002 -18"><span class='ocrx_word' id='word_1_42' title='bbox 141 849 227 914; x_wconf 87' lang='lat' dir='ltr'>niuis</span> <span class='ocrx_word' id='word_1_43' title='bbox 259 859 293 913; x_wconf 91' lang='lat' dir='ltr'>et</span> <span class='ocrx_word' id='word_1_44' title='bbox 324 856 457 932; x_wconf 84' lang='lat' dir='ltr'>argento</span> <span class='ocrx_word' id='word_1_45' title='bbox 489 846 580 910; x_wconf 85' lang='lat' dir='ltr'>liunt.</span> <span class='ocrx_word' id='word_1_46' title='bbox 613 844 836 932; x_wconf 78' lang='lat' dir='ltr'>Aucupatoria</span> <span class='ocrx_word' id='word_1_47' title='bbox 864 845 1009 910; x_wconf 88' lang='lat' dir='ltr'>harundo</span> <span class='ocrx_word' id='word_1_48' title='bbox 1034 869 1054 910; x_wconf 87' lang='lat' dir='ltr'>a</span> <span class='ocrx_word' id='word_1_49' title='bbox 1080 846 1262 912; x_wconf 90' lang='lat' dir='ltr'>Panhormo</span> 
     </span>
     <span class='ocr_line' id='line_1_7' title="bbox 140 946 968 1032; baseline -0.004 -18"><span class='ocrx_word' id='word_1_50' title='bbox 140 948 371 1024; x_wconf 86' lang='lat' dir='ltr'>laudatissima,</span> <span class='ocrx_word' id='word_1_51' title='bbox 392 947 564 1032; x_wconf 90' lang='lat' dir='ltr'>piscatoria</span> <span class='ocrx_word' id='word_1_52' title='bbox 585 946 764 1012; x_wconf 83' lang='lat' dir='ltr'>Abaritana</span> <span class='ocrx_word' id='word_1_53' title='bbox 785 969 826 1011; x_wconf 90' lang='lat' dir='ltr'>ex</span> <span class='ocrx_word' id='word_1_54' title='bbox 845 946 968 1011; x_wconf 79' lang='lat' dir='ltr'>Africa.</span> 
     </span>
    </p>

    <p class='ocr_par' dir='ltr' id='par_1_3' title="bbox 139 1045 1325 1940">
     <span class='ocr_line' id='line_1_8' title="bbox 162 1045 1325 1114; baseline -0.005 0"><span class='ocrx_word' id='word_1_55' title='bbox 162 1051 235 1114; x_wconf 69' lang='lat' dir='ltr'>ot.</span> <span class='ocrx_word' id='word_1_56' title='bbox 256 1048 456 1113; x_wconf 87' lang='lat' dir='ltr'>Harundinis</span> <span class='ocrx_word' id='word_1_57' title='bbox 477 1047 590 1113; x_wconf 82' lang='lat' dir='ltr'>Itahae</span> <span class='ocrx_word' id='word_1_58' title='bbox 610 1070 689 1112; x_wconf 92' lang='lat' dir='ltr'>usus</span> <span class='ocrx_word' id='word_1_59' title='bbox 710 1047 752 1111; x_wconf 89' lang='lat' dir='ltr'>ad</span> <span class='ocrx_word' id='word_1_60' title='bbox 774 1046 885 1113; x_wconf 72' lang='lat' dir='ltr'>vineam</span> <span class='ocrx_word' id='word_1_61' title='bbox 906 1069 1063 1112; x_wconf 85' lang='lat' dir='ltr'>maxume.</span> <span class='ocrx_word' id='word_1_62' title='bbox 1093 1045 1176 1113; x_wconf 88' lang='lat' dir='ltr'>Cato</span> <span class='ocrx_word' id='word_1_63' title='bbox 1200 1049 1262 1114; x_wconf 89' lang='lat' dir='ltr'>seri</span> <span class='ocrx_word' id='word_1_64' title='bbox 1277 1063 1325 1110; x_wconf 77' lang='lat' dir='ltr'>rte</span> 
     </span>
     <span class='ocr_line' id='line_1_9' title="bbox 141 1148 1262 1234; baseline -0.001 -18"><span class='ocrx_word' id='word_1_65' title='bbox 141 1172 214 1216; x_wconf 87' lang='lat' dir='ltr'>eam</span> <span class='ocrx_word' id='word_1_66' title='bbox 232 1149 324 1214; x_wconf 92' lang='lat' dir='ltr'>iubet</span> <span class='ocrx_word' id='word_1_67' title='bbox 344 1149 379 1213; x_wconf 92' lang='lat' dir='ltr'>in</span> <span class='ocrx_word' id='word_1_68' title='bbox 399 1148 517 1214; x_wconf 90' lang='lat' dir='ltr'>umidis</span> <span class='ocrx_word' id='word_1_69' title='bbox 539 1148 637 1234; x_wconf 85' lang='lat' dir='ltr'>agris,</span> <span class='ocrx_word' id='word_1_70' title='bbox 660 1148 778 1234; x_wconf 87' lang='lat' dir='ltr'>bipalio</span> <span class='ocrx_word' id='word_1_71' title='bbox 800 1148 932 1213; x_wconf 89' lang='lat' dir='ltr'>subacto</span> <span class='ocrx_word' id='word_1_72' title='bbox 954 1148 1045 1233; x_wconf 92' lang='lat' dir='ltr'>prius</span> <span class='ocrx_word' id='word_1_73' title='bbox 1061 1150 1139 1227; x_wconf 86' lang='lat' dir='ltr'>solo,</span> <span class='ocrx_word' id='word_1_74' title='bbox 1161 1149 1262 1215; x_wconf 91' lang='lat' dir='ltr'>oculis</span> 
     </span>
     <span class='ocr_line' id='line_1_10' title="bbox 142 1248 1262 1337; baseline 0 -22"><span class='ocrx_word' id='word_1_75' title='bbox 142 1250 307 1337; x_wconf 81' lang='lat' dir='ltr'>dispositis</span> <span class='ocrx_word' id='word_1_76' title='bbox 322 1249 489 1314; x_wconf 84' lang='lat' dir='ltr'>intervallo</span> <span class='ocrx_word' id='word_1_77' title='bbox 504 1260 667 1314; x_wconf 90' lang='lat' dir='ltr'>ternorum</span> <span class='ocrx_word' id='word_1_78' title='bbox 679 1248 815 1334; x_wconf 84' lang='lat' dir='ltr'>pedum3</span> <span class='ocrx_word' id='word_1_79' title='bbox 829 1248 923 1313; x_wconf 90' lang='lat' dir='ltr'>simul</span> <span class='ocrx_word' id='word_1_80' title='bbox 937 1259 970 1313; x_wconf 88' lang='lat' dir='ltr'>et</span> <span class='ocrx_word' id='word_1_81' title='bbox 983 1249 1161 1328; x_wconf 86' lang='lat' dir='ltr'>corrudam,</span> <span class='ocrx_word' id='word_1_82' title='bbox 1176 1250 1262 1315; x_wconf 89' lang='lat' dir='ltr'>unde</span> 
     </span>
     <span class='ocr_line' id='line_1_11' title="bbox 141 1347 1262 1438; baseline 0 -22"><span class='ocrx_word' id='word_1_83' title='bbox 141 1352 290 1438; x_wconf 86' lang='lat' dir='ltr'>asparagi</span> <span class='ocrx_word' id='word_1_84' title='bbox 309 1350 399 1428; x_wconf 88' lang='lat' dir='ltr'>fiant,</span> <span class='ocrx_word' id='word_1_85' title='bbox 414 1403 455 1414; x_wconf 84' lang='lat'>..</span> <span class='ocrx_word' id='word_1_86' title='bbox 471 1347 663 1414; x_wconf 90' lang='lat' dir='ltr'>concordare</span> <span class='ocrx_word' id='word_1_87' title='bbox 684 1348 855 1413; x_wconf 88' lang='lat' dir='ltr'>amicitiam</span> <span class='ocrx_word' id='word_1_88' title='bbox 860 1372 869 1423; x_wconf 84' lang='lat'>3</span> <span class='ocrx_word' id='word_1_89' title='bbox 885 1402 927 1413; x_wconf 90' lang='lat'>..</span> <span class='ocrx_word' id='word_1_90' title='bbox 939 1348 1128 1415; x_wconf 89' lang='lat' dir='ltr'><strong>XXXVII.</strong></span> <span class='ocrx_word' id='word_1_91' title='bbox 1149 1350 1262 1416; x_wconf 89' lang='lat' dir='ltr'>salices</span> 
     </span>
     <span class='ocr_line' id='line_1_12' title="bbox 141 1448 1263 1534; baseline -0.003 -16"><span class='ocrx_word' id='word_1_92' title='bbox 141 1474 217 1518; x_wconf 91' lang='lat' dir='ltr'>vero</span> <span class='ocrx_word' id='word_1_93' title='bbox 238 1452 332 1529; x_wconf 83' lang='lat' dir='ltr'>circa,</span> <span class='ocrx_word' id='word_1_94' title='bbox 354 1470 419 1533; x_wconf 82' lang='lat' dir='ltr'>qua</span> <span class='ocrx_word' id='word_1_95' title='bbox 439 1450 526 1514; x_wconf 88' lang='lat' dir='ltr'>nulla</span> <span class='ocrx_word' id='word_1_96' title='bbox 547 1449 767 1533; x_wconf 85' lang='lat' dir='ltr'>aquaticarum</span> <span class='ocrx_word' id='word_1_97' title='bbox 788 1448 905 1527; x_wconf 88' lang='lat' dir='ltr'>utilior,</span> <span class='ocrx_word' id='word_1_98' title='bbox 928 1448 1003 1514; x_wconf 89' lang='lat' dir='ltr'>licet</span> <span class='ocrx_word' id='word_1_99' title='bbox 1017 1449 1129 1534; x_wconf 92' lang='lat' dir='ltr'>populi</span> <span class='ocrx_word' id='word_1_100' title='bbox 1144 1450 1263 1515; x_wconf 91' lang='lat' dir='ltr'>vitibus</span> 
     </span>
     <span class='ocr_line' id='line_1_13' title="bbox 140 1548 1264 1640; baseline -0.004 -23"><span class='ocrx_word' id='word_1_101' title='bbox 140 1553 288 1640; x_wconf 84' lang='lat' dir='ltr'>placeant</span> <span class='ocrx_word' id='word_1_102' title='bbox 317 1562 349 1618; x_wconf 91' lang='lat' dir='ltr'>et</span> <span class='ocrx_word' id='word_1_103' title='bbox 374 1548 525 1616; x_wconf 85' lang='lat' dir='ltr'>Caecuba</span> <span class='ocrx_word' id='word_1_104' title='bbox 552 1550 705 1628; x_wconf 81' lang='lat' dir='ltr'>educent,</span> <span class='ocrx_word' id='word_1_105' title='bbox 737 1548 815 1615; x_wconf 88' lang='lat' dir='ltr'>licet</span> <span class='ocrx_word' id='word_1_106' title='bbox 846 1548 908 1614; x_wconf 79' lang='lat' dir='ltr'>alni</span> <span class='ocrx_word' id='word_1_107' title='bbox 939 1548 1092 1635; x_wconf 87' lang='lat' dir='ltr'>saepibus</span> <span class='ocrx_word' id='word_1_108' title='bbox 1117 1549 1264 1614; x_wconf 89' lang='lat' dir='ltr'>muniant</span> 
     </span>
     <span class='ocr_line' id='line_1_14' title="bbox 141 1650 1263 1737; baseline -0.004 -18"><span class='ocrx_word' id='word_1_109' title='bbox 141 1663 314 1737; x_wconf 85' lang='lat' dir='ltr'>contraque</span> <span class='ocrx_word' id='word_1_110' title='bbox 341 1650 576 1736; x_wconf 88' lang='lat' dir='ltr'>erumpentium</span> <span class='ocrx_word' id='word_1_111' title='bbox 603 1650 745 1714; x_wconf 91' lang='lat' dir='ltr'>amnium</span> <span class='ocrx_word' id='word_1_112' title='bbox 776 1650 905 1735; x_wconf 89' lang='lat' dir='ltr'>inpetus</span> <span class='ocrx_word' id='word_1_113' title='bbox 939 1650 1082 1734; x_wconf 90' lang='lat' dir='ltr'>riparum</span> <span class='ocrx_word' id='word_1_114' title='bbox 1107 1672 1201 1715; x_wconf 91' lang='lat' dir='ltr'>muro</span> <span class='ocrx_word' id='word_1_115' title='bbox 1228 1650 1263 1714; x_wconf 91' lang='lat' dir='ltr'>in</span> 
     </span>
     <span class='ocr_line' id='line_1_15' title="bbox 141 1750 1262 1835; baseline -0.005 -15"><span class='ocrx_word' id='word_1_116' title='bbox 141 1756 274 1820; x_wconf 88' lang='lat' dir='ltr'>tutelam</span> <span class='ocrx_word' id='word_1_117' title='bbox 299 1753 385 1817; x_wconf 90' lang='lat' dir='ltr'>ruris</span> <span class='ocrx_word' id='word_1_118' title='bbox 412 1751 572 1817; x_wconf 80' lang='lat' dir='ltr'>excubent</span> <span class='ocrx_word' id='word_1_119' title='bbox 592 1751 626 1816; x_wconf 94' lang='lat' dir='ltr'>in</span> <span class='ocrx_word' id='word_1_120' title='bbox 648 1773 731 1835; x_wconf 85' lang='lat' dir='ltr'>aqua</span> <span class='ocrx_word' id='word_1_121' title='bbox 753 1762 841 1816; x_wconf 89' lang='lat' dir='ltr'>satae</span> <span class='ocrx_word' id='word_1_122' title='bbox 863 1771 1037 1834; x_wconf 84' lang='lat' dir='ltr'>caesaeque</span> <span class='ocrx_word' id='word_1_123' title='bbox 1059 1750 1189 1816; x_wconf 87' lang='lat' dir='ltr'>densius</span> <span class='ocrx_word' id='word_1_124' title='bbox 1210 1751 1262 1815; x_wconf 89' lang='lat' dir='ltr'>in·</span> 
     </span>
     <span class='ocr_line' id='line_1_16' title="bbox 139 1853 568 1940; baseline -0.009 -18"><span class='ocrx_word' id='word_1_125' title='bbox 139 1879 273 1922; x_wconf 90' lang='lat' dir='ltr'>numero</span> <span class='ocrx_word' id='word_1_126' title='bbox 293 1854 412 1920; x_wconf 89' lang='lat' dir='ltr'>herede</span> <span class='ocrx_word' id='word_1_127' title='bbox 433 1853 568 1940; x_wconf 91' lang='lat' dir='ltr'>prosint.</span> 
     </span>
    </p>

    <p class='ocr_par' dir='ltr' id='par_1_4' title="bbox 138 1952 1324 2644">
     <span class='ocr_line' id='line_1_17' title="bbox 184 1952 1324 2042; baseline -0.004 -21"><span class='ocrx_word' id='word_1_128' title='bbox 184 1958 236 2023; x_wconf 85' lang='grc'>68.</span> <span class='ocrx_word' id='word_1_129' title='bbox 260 1954 376 2021; x_wconf 86' lang='lat' dir='ltr'>Salicis</span> <span class='ocrx_word' id='word_1_130' title='bbox 398 1955 506 2020; x_wconf 89' lang='lat' dir='ltr'>statim</span> <span class='ocrx_word' id='word_1_131' title='bbox 523 1957 617 2040; x_wconf 90' lang='lat' dir='ltr'>plura</span> <span class='ocrx_word' id='word_1_132' title='bbox 631 1976 759 2042; x_wconf 84' lang='lat' dir='ltr'>genera</span> <span class='ocrx_word' id='word_1_133' title='bbox 781 1952 927 2037; x_wconf 89' lang='lat' dir='ltr'>Namque</span> <span class='ocrx_word' id='word_1_134' title='bbox 941 1964 973 2019; x_wconf 89' lang='lat' dir='ltr'>et</span> <span class='ocrx_word' id='word_1_135' title='bbox 987 1953 1022 2017; x_wconf 91' lang='lat' dir='ltr'>in</span> <span class='ocrx_word' id='word_1_136' title='bbox 1037 1952 1260 2039; x_wconf 88' lang='lat' dir='ltr'>proceritatem</span> <span class='ocrx_word' id='word_1_137' title='bbox 1277 1968 1324 2016; x_wconf 78' lang='lat'>174</span> 
     </span>
     <span class='ocr_line' id='line_1_18' title="bbox 140 2054 1261 2144; baseline -0.001 -22"><span class='ocrx_word' id='word_1_138' title='bbox 140 2079 292 2144; x_wconf 85' lang='lat' dir='ltr'>magnam</span> <span class='ocrx_word' id='word_1_139' title='bbox 314 2056 462 2121; x_wconf 88' lang='lat' dir='ltr'>emittunt</span> <span class='ocrx_word' id='word_1_140' title='bbox 482 2056 570 2142; x_wconf 87' lang='lat' dir='ltr'>iugis</span> <span class='ocrx_word' id='word_1_141' title='bbox 590 2056 756 2122; x_wconf 90' lang='lat' dir='ltr'>vinearum</span> <span class='ocrx_word' id='word_1_142' title='bbox 778 2054 919 2141; x_wconf 89' lang='lat' dir='ltr'>perticas</span> <span class='ocrx_word' id='word_1_143' title='bbox 940 2055 1134 2139; x_wconf 90' lang='lat' dir='ltr'>pariuntque</span> <span class='ocrx_word' id='word_1_144' title='bbox 1155 2055 1261 2121; x_wconf 83' lang='lat' dir='ltr'>balteo</span> 
     </span>
     <span class='ocr_line' id='line_1_19' title="bbox 140 2156 1260 2242; baseline -0.003 -19"><span class='ocrx_word' id='word_1_145' title='bbox 140 2158 268 2223; x_wconf 87' lang='lat' dir='ltr'>corticis</span> <span class='ocrx_word' id='word_1_146' title='bbox 289 2158 427 2236; x_wconf 67' lang='lat' dir='ltr'>vincula</span> <span class='ocrx_word' id='word_1_147' title='bbox 459 2168 491 2223; x_wconf 90' lang='lat' dir='ltr'>et</span> <span class='ocrx_word' id='word_1_148' title='bbox 512 2158 593 2222; x_wconf 88' lang='lat' dir='ltr'>aliae</span> <span class='ocrx_word' id='word_1_149' title='bbox 615 2157 725 2242; x_wconf 82' lang='lat' dir='ltr'>virgas</span> <span class='ocrx_word' id='word_1_150' title='bbox 748 2156 895 2240; x_wconf 87' lang='lat' dir='ltr'>sequacis</span> <span class='ocrx_word' id='word_1_151' title='bbox 917 2157 960 2220; x_wconf 83' lang='lat' dir='ltr'>ad</span> <span class='ocrx_word' id='word_1_152' title='bbox 981 2156 1145 2221; x_wconf 87' lang='lat' dir='ltr'>vincturas</span> <span class='ocrx_word' id='word_1_153' title='bbox 1165 2156 1260 2220; x_wconf 90' lang='lat' dir='ltr'>lenti·</span> 
     </span>
     <span class='ocr_line' id='line_1_20' title="bbox 140 2256 1259 2344; baseline -0.002 -21"><span class='ocrx_word' id='word_1_154' title='bbox 140 2259 216 2336; x_wconf 88' lang='lat' dir='ltr'>tiae,</span> <span class='ocrx_word' id='word_1_155' title='bbox 236 2259 316 2324; x_wconf 87' lang='lat' dir='ltr'>alias</span> <span class='ocrx_word' id='word_1_156' title='bbox 336 2259 520 2344; x_wconf 89' lang='lat' dir='ltr'>praetenuis</span> <span class='ocrx_word' id='word_1_157' title='bbox 533 2258 706 2324; x_wconf 86' lang='lat' dir='ltr'>viminibus</span> <span class='ocrx_word' id='word_1_158' title='bbox 721 2258 869 2323; x_wconf 86' lang='lat' dir='ltr'>texendis</span> <span class='ocrx_word' id='word_1_159' title='bbox 885 2258 1052 2344; x_wconf 87' lang='lat' dir='ltr'>spectabili</span> <span class='ocrx_word' id='word_1_160' title='bbox 1068 2256 1259 2333; x_wconf 85' lang='lat' dir='ltr'>subtilitate3</span> 
     </span>
     <span class='ocr_line' id='line_1_21' title="bbox 138 2358 1259 2446; baseline 0.001 -24"><span class='ocrx_word' id='word_1_161' title='bbox 138 2381 252 2423; x_wconf 89' lang='lat' dir='ltr'>rursus</span> <span class='ocrx_word' id='word_1_162' title='bbox 273 2360 355 2425; x_wconf 85' lang='lat' dir='ltr'>aliae</span> <span class='ocrx_word' id='word_1_163' title='bbox 376 2361 530 2425; x_wconf 88' lang='lat' dir='ltr'>firmiores</span> <span class='ocrx_word' id='word_1_164' title='bbox 552 2359 701 2427; x_wconf 90' lang='lat' dir='ltr'>corbibus</span> <span class='ocrx_word' id='word_1_165' title='bbox 723 2382 762 2424; x_wconf 90' lang='lat' dir='ltr'>ac</span> <span class='ocrx_word' id='word_1_166' title='bbox 783 2361 950 2444; x_wconf 89' lang='lat' dir='ltr'>plurumae</span> <span class='ocrx_word' id='word_1_167' title='bbox 972 2358 1184 2446; x_wconf 90' lang='lat' dir='ltr'>agricolarum</span> <span class='ocrx_word' id='word_1_168' title='bbox 1204 2380 1259 2423; x_wconf 90' lang='lat' dir='ltr'>su-</span> 
     </span>
     <span class='ocr_line' id='line_1_22' title="bbox 140 2458 1259 2544; baseline 0.001 -21"><span class='ocrx_word' id='word_1_169' title='bbox 140 2459 308 2542; x_wconf 89' lang='lat' dir='ltr'>pellectili,</span> <span class='ocrx_word' id='word_1_170' title='bbox 336 2460 538 2526; x_wconf 84' lang='lat' dir='ltr'>candidiores</span> <span class='ocrx_word' id='word_1_171' title='bbox 560 2459 666 2525; x_wconf 88' lang='lat' dir='ltr'>ablato</span> <span class='ocrx_word' id='word_1_172' title='bbox 688 2460 806 2525; x_wconf 87' lang='lat' dir='ltr'>cortice</span> <span class='ocrx_word' id='word_1_173' title='bbox 826 2460 955 2544; x_wconf 89' lang='lat' dir='ltr'>levique</span> <span class='ocrx_word' id='word_1_174' title='bbox 976 2470 1115 2525; x_wconf 85' lang='lat' dir='ltr'>tractatu</span> <span class='ocrx_word' id='word_1_175' title='bbox 1135 2458 1259 2524; x_wconf 91' lang='lat' dir='ltr'>mollio·</span> 
     </span>
     <span class='ocr_line' id='line_1_23' title="bbox 140 2559 1258 2644; baseline 0 -21"><span class='ocrx_word' id='word_1_176' title='bbox 140 2559 230 2624; x_wconf 90' lang='lat' dir='ltr'>ribus</span> <span class='ocrx_word' id='word_1_177' title='bbox 251 2561 353 2639; x_wconf 87' lang='lat' dir='ltr'>vasis,</span> <span class='ocrx_word' id='word_1_178' title='bbox 383 2583 480 2644; x_wconf 86' lang='lat' dir='ltr'>quam</span> <span class='ocrx_word' id='word_1_179' title='bbox 507 2571 544 2626; x_wconf 90' lang='lat' dir='ltr'>ut</span> <span class='ocrx_word' id='word_1_180' title='bbox 566 2582 584 2624; x_wconf 93' lang='lat' dir='ltr'>e</span> <span class='ocrx_word' id='word_1_181' title='bbox 606 2560 693 2626; x_wconf 90' lang='lat' dir='ltr'>corio</span> <span class='ocrx_word' id='word_1_182' title='bbox 714 2560 808 2637; x_wconf 87' lang='lat' dir='ltr'>fiant,</span> <span class='ocrx_word' id='word_1_183' title='bbox 837 2571 933 2643; x_wconf 86' lang='lat' dir='ltr'>atque</span> <span class='ocrx_word' id='word_1_184' title='bbox 956 2560 1050 2625; x_wconf 91' lang='lat' dir='ltr'>etiam</span> <span class='ocrx_word' id='word_1_185' title='bbox 1073 2560 1258 2644; x_wconf 87' lang='lat' dir='ltr'>supinarum</span> 
     </span>
    </p>
   </div>
   <div class='ocr_carea' id='block_1_3' title="bbox 140 2762 1258 2966">
    <p class='ocr_par' dir='ltr' id='par_1_5' title="bbox 140 2762 1258 2966">
     <span class='ocr_line' id='line_1_24' title="bbox 141 2762 1258 2832; baseline -0.004 -18"><span class='ocrx_word' id='word_1_186' title='bbox 141 2766 222 2829; x_wconf 88' lang='lat' dir='ltr'>plant.</span> <span class='ocrx_word' id='word_1_187' title='bbox 233 2782 258 2830; x_wconf 92' lang='lat' dir='ltr'>p.</span> <span class='ocrx_word' id='word_1_188' title='bbox 271 2771 329 2818; x_wconf 79' lang='grc'><strong>476.</strong></span> <span class='ocrx_word' id='word_1_189' title='bbox 347 2765 495 2832; x_wconf 53' lang='grc'>1791111111.</span> <span class='ocrx_word' id='word_1_190' title='bbox 514 2765 601 2831; x_wconf 67' lang='lat' dir='ltr'>ipsiu,</span> <span class='ocrx_word' id='word_1_191' title='bbox 612 2762 664 2830; x_wconf 77' lang='grc' dir='ltr'>βγ,</span> <span class='ocrx_word' id='word_1_192' title='bbox 683 2767 717 2815; x_wconf 90' lang='lat' dir='ltr'>V.</span> <span class='ocrx_word' id='word_1_193' title='bbox 729 2766 814 2816; x_wconf 88' lang='lat' dir='ltr'>statim</span> <span class='ocrx_word' id='word_1_194' title='bbox 826 2766 898 2815; x_wconf 83' lang='lat' dir='ltr'>infra</span> <span class='ocrx_word' id='word_1_195' title='bbox 919 2805 945 2813; x_wconf 85' lang='lat'>-</span> <span class='ocrx_word' id='word_1_196' title='bbox 968 2764 1121 2825; x_wconf 65' lang='lat' dir='ltr'>limantes,</span> <span class='ocrx_word' id='word_1_197' title='bbox 1133 2779 1172 2812; x_wconf 89' lang='lat' dir='ltr'>ar.</span> <span class='ocrx_word' id='word_1_198' title='bbox 1191 2762 1258 2810; x_wconf 80' lang='lat' dir='ltr'>laxu-</span> 
     </span>
     <span class='ocr_line' id='line_1_25' title="bbox 140 2827 1258 2898; baseline -0.004 -16"><span class='ocrx_word' id='word_1_199' title='bbox 140 2832 200 2893; x_wconf 80' lang='lat' dir='ltr'>rios,</span> <span class='ocrx_word' id='word_1_200' title='bbox 213 2835 244 2883; x_wconf 83' lang='lat' dir='ltr'>T.</span> <span class='ocrx_word' id='word_1_201' title='bbox 271 2830 456 2898; x_wconf 60' lang='lat' dir='ltr'>larmindssr.</span> <span class='ocrx_word' id='word_1_202' title='bbox 480 2875 512 2883; x_wconf 75' lang='grc'><strong>-</strong></span> <span class='ocrx_word' id='word_1_203' title='bbox 537 2832 740 2897; x_wconf 63' lang='lat' dir='ltr'>autemsaepe,</span> <span class='ocrx_word' id='word_1_204' title='bbox 757 2848 780 2882; x_wconf 90' lang='lat' dir='ltr'>a.</span> <span class='ocrx_word' id='word_1_205' title='bbox 806 2831 924 2881; x_wconf 81' lang='lat' dir='ltr'>stulticiae</span> <span class='ocrx_word' id='word_1_206' title='bbox 935 2839 1036 2896; x_wconf 84' lang='lat' dir='ltr'>coeptae,</span> <span class='ocrx_word' id='word_1_207' title='bbox 1049 2835 1072 2881; x_wconf 87' lang='lat' dir='ltr'>d.</span> <span class='ocrx_word' id='word_1_208' title='bbox 1096 2871 1126 2880; x_wconf 91' lang='grc'>..</span> <span class='ocrx_word' id='word_1_209' title='bbox 1156 2827 1258 2893; x_wconf 64' lang='lat' dir='ltr'>linquid,</span> 
     </span>
     <span class='ocr_line' id='line_1_26' title="bbox 140 2893 943 2966; baseline -0.001 -16"><span class='ocrx_word' id='word_1_210' title='bbox 140 2900 236 2950; x_wconf 83' lang='lat' dir='ltr'>Bodas.</span> <span class='ocrx_word' id='word_1_211' title='bbox 253 2900 353 2965; x_wconf 70' lang='lat' dir='ltr'>unpalh,</span> <span class='ocrx_word' id='word_1_212' title='bbox 368 2893 445 2950; x_wconf 75' lang='lat' dir='ltr'>oua</span> <span class='ocrx_word' id='word_1_213' title='bbox 463 2899 550 2964; x_wconf 66' lang='grc' dir='ltr'>ὶιζᾳιιῑὶς,</span> <span class='ocrx_word' id='word_1_214' title='bbox 562 2896 634 2966; x_wconf 67' lang='lat' dir='ltr'>ufir.</span> <span class='ocrx_word' id='word_1_215' title='bbox 654 2942 685 2951; x_wconf 91' lang='grc'>..</span> <span class='ocrx_word' id='word_1_216' title='bbox 703 2915 765 2964; x_wconf 78' lang='lat' dir='ltr'>quoa</span> <span class='ocrx_word' id='word_1_217' title='bbox 777 2899 825 2949; x_wconf 63' lang='lat' dir='ltr'>um</span> <span class='ocrx_word' id='word_1_218' title='bbox 837 2897 899 2960; x_wconf 83' lang='lat' dir='ltr'>inde,</span> <span class='ocrx_word' id='word_1_219' title='bbox 910 2901 943 2949; x_wconf 69' lang='grc' dir='ltr'>Κ.</span> 
     </span>
    </p>
   </div>
   <div class='ocr_carea' id='block_1_4' title="bbox 140 2985 1256 3191">
    <p class='ocr_par' dir='ltr' id='par_1_6' title="bbox 140 2985 1256 3191">
     <span class='ocr_line' id='line_1_27' title="bbox 174 2985 1256 3056; baseline -0.002 -16"><span class='ocrx_word' id='word_1_220' title='bbox 174 2989 260 3051; x_wconf 68' lang='grc'><strong>5172.</strong></span> <span class='ocrx_word' id='word_1_221' title='bbox 286 3008 387 3056; x_wconf 79' lang='lat' dir='ltr'>quoque,</span> <span class='ocrx_word' id='word_1_222' title='bbox 398 3008 418 3043; x_wconf 91' lang='lat' dir='ltr'>r.</span> <span class='ocrx_word' id='word_1_223' title='bbox 431 3035 462 3043; x_wconf 84' lang='grc'>-</span> <span class='ocrx_word' id='word_1_224' title='bbox 480 2990 642 3055; x_wconf 63' lang='lat' dir='ltr'>hamndinenq</span> <span class='ocrx_word' id='word_1_225' title='bbox 654 3008 674 3043; x_wconf 93' lang='lat' dir='ltr'>r.</span> <span class='ocrx_word' id='word_1_226' title='bbox 688 3033 717 3042; x_wconf 90' lang='grc'>..</span> <span class='ocrx_word' id='word_1_227' title='bbox 738 2990 790 3054; x_wconf 82' lang='lat' dir='ltr'>levi,</span> <span class='ocrx_word' id='word_1_228' title='bbox 803 3008 827 3041; x_wconf 85' lang='lat' dir='ltr'>a.</span> <span class='ocrx_word' id='word_1_229' title='bbox 845 3034 876 3042; x_wconf 91' lang='lat'>..</span> <span class='ocrx_word' id='word_1_230' title='bbox 895 2990 1012 3052; x_wconf 76' lang='lat' dir='ltr'>dexterae,</span> <span class='ocrx_word' id='word_1_231' title='bbox 1025 2994 1070 3041; x_wconf 86' lang='lat' dir='ltr'>ad.</span> <span class='ocrx_word' id='word_1_232' title='bbox 1089 2988 1194 3051; x_wconf 69' lang='lat' dir='ltr'>deneas,</span> <span class='ocrx_word' id='word_1_233' title='bbox 1206 2985 1256 3054; x_wconf 80' lang='grc' dir='ltr'>βγ.</span> 
     </span>
     <span class='ocr_line' id='line_1_28' title="bbox 142 3054 1255 3125; baseline 0 -17"><span class='ocrx_word' id='word_1_234' title='bbox 142 3099 173 3108; x_wconf 83' lang='lat'>..</span> <span class='ocrx_word' id='word_1_235' title='bbox 191 3057 337 3124; x_wconf 71' lang='lat' dir='ltr'>sacnficetur</span> <span class='ocrx_word' id='word_1_236' title='bbox 348 3077 453 3123; x_wconf 81' lang='lat' dir='ltr'>qaoraru,</span> <span class='ocrx_word' id='word_1_237' title='bbox 465 3075 488 3110; x_wconf 83' lang='lat' dir='ltr'>a.</span> <span class='ocrx_word' id='word_1_238' title='bbox 506 3102 538 3111; x_wconf 71' lang='grc'><strong>-</strong></span> <span class='ocrx_word' id='word_1_239' title='bbox 561 3076 615 3109; x_wconf 87' lang='lat' dir='ltr'>vero</span> <span class='ocrx_word' id='word_1_240' title='bbox 627 3077 646 3123; x_wconf 88' lang='lat' dir='ltr'>e,</span> <span class='ocrx_word' id='word_1_241' title='bbox 658 3062 694 3111; x_wconf 85' lang='lat' dir='ltr'>ita</span> <span class='ocrx_word' id='word_1_242' title='bbox 704 3075 752 3111; x_wconf 90' lang='lat' dir='ltr'>nos</span> <span class='ocrx_word' id='word_1_243' title='bbox 764 3060 916 3125; x_wconf 86' lang='lat' dir='ltr'>scripsimus.</span> <span class='ocrx_word' id='word_1_244' title='bbox 938 3075 998 3120; x_wconf 85' lang='lat' dir='ltr'>vere,</span> <span class='ocrx_word' id='word_1_245' title='bbox 1011 3074 1033 3108; x_wconf 91' lang='lat' dir='ltr'>a.</span> <span class='ocrx_word' id='word_1_246' title='bbox 1056 3074 1117 3119; x_wconf 67' lang='lat' dir='ltr'>cao,</span> <span class='ocrx_word' id='word_1_247' title='bbox 1130 3054 1201 3123; x_wconf 78' lang='grc' dir='ltr'>ᾱβγ.</span> <span class='ocrx_word' id='word_1_248' title='bbox 1224 3098 1255 3108; x_wconf 82' lang='grc'>.-</span> 
     </span>
     <span class='ocr_line' id='line_1_29' title="bbox 140 3124 496 3191; baseline 0.008 -16"><span class='ocrx_word' id='word_1_249' title='bbox 140 3124 283 3188; x_wconf 75' lang='lat' dir='ltr'>Pamomo,</span> <span class='ocrx_word' id='word_1_250' title='bbox 295 3130 319 3178; x_wconf 90' lang='lat' dir='ltr'>d.</span> <span class='ocrx_word' id='word_1_251' title='bbox 333 3127 460 3191; x_wconf 73' lang='lat' dir='ltr'>pecorino,</span> <span class='ocrx_word' id='word_1_252' title='bbox 473 3143 496 3178; x_wconf 83' lang='lat' dir='ltr'>a.</span> 
     </span>
    </p>
   </div>
   <div class='ocr_carea' id='block_1_5' title="bbox 66 3216 1257 3754">
    <p class='ocr_par' dir='ltr' id='par_1_7' title="bbox 139 3216 1257 3416">
     <span class='ocr_line' id='line_1_30' title="bbox 174 3216 1257 3285; baseline -0.005 -15"><span class='ocrx_word' id='word_1_253' title='bbox 174 3223 259 3284; x_wconf 66' lang='lat'>5178.</span> <span class='ocrx_word' id='word_1_254' title='bbox 289 3216 502 3272; x_wconf 77' lang='lat' dir='ltr'>Gotodererust.</span> <span class='ocrx_word' id='word_1_255' title='bbox 515 3226 538 3280; x_wconf 85' lang='grc'>6,</span> <span class='ocrx_word' id='word_1_256' title='bbox 551 3227 574 3270; x_wconf 84' lang='grc'>3.</span> <span class='ocrx_word' id='word_1_257' title='bbox 594 3259 625 3269; x_wconf 86' lang='grc'>..</span> <span class='ocrx_word' id='word_1_258' title='bbox 644 3218 755 3285; x_wconf 79' lang='lat' dir='ltr'>nsperpit,</span> <span class='ocrx_word' id='word_1_259' title='bbox 768 3221 814 3269; x_wconf 90' lang='lat' dir='ltr'>ad.</span> <span class='ocrx_word' id='word_1_260' title='bbox 833 3260 864 3268; x_wconf 89' lang='lat'>..</span> <span class='ocrx_word' id='word_1_261' title='bbox 882 3216 1032 3279; x_wconf 82' lang='lat' dir='ltr'>concordare,</span> <span class='ocrx_word' id='word_1_262' title='bbox 1044 3221 1088 3268; x_wconf 85' lang='lat' dir='ltr'>ad.</span> <span class='ocrx_word' id='word_1_263' title='bbox 1112 3233 1174 3268; x_wconf 82' lang='lat' dir='ltr'>conc.</span> <span class='ocrx_word' id='word_1_264' title='bbox 1187 3217 1257 3278; x_wconf 84' lang='lat' dir='ltr'>enim,</span> 
     </span>
     <span class='ocr_line' id='line_1_31' title="bbox 139 3280 1257 3351; baseline 0 -17"><span class='ocrx_word' id='word_1_265' title='bbox 139 3281 191 3350; x_wconf 71' lang='grc' dir='ltr'>βγ.</span> <span class='ocrx_word' id='word_1_266' title='bbox 211 3326 242 3336; x_wconf 82' lang='lat'>..</span> <span class='ocrx_word' id='word_1_267' title='bbox 263 3285 405 3347; x_wconf 72' lang='lat' dir='ltr'>salieeaita</span> <span class='ocrx_word' id='word_1_268' title='bbox 415 3289 626 3351; x_wconf 85' lang='lat' dir='ltr'>nosscripsimus.</span> <span class='ocrx_word' id='word_1_269' title='bbox 653 3285 741 3346; x_wconf 68' lang='lat' dir='ltr'>salicis,</span> <span class='ocrx_word' id='word_1_270' title='bbox 754 3289 778 3336; x_wconf 84' lang='lat' dir='ltr'>d.</span> <span class='ocrx_word' id='word_1_271' title='bbox 799 3285 914 3347; x_wconf 69' lang='lat' dir='ltr'>siliciae.</span> <span class='ocrx_word' id='word_1_272' title='bbox 937 3280 1103 3349; x_wconf 63' lang='lat' dir='ltr'>relicuussy.</span> <span class='ocrx_word' id='word_1_273' title='bbox 1127 3326 1158 3334; x_wconf 88' lang='lat'>..</span> <span class='ocrx_word' id='word_1_274' title='bbox 1186 3283 1257 3334; x_wconf 82' lang='lat' dir='ltr'>iaci·</span> 
     </span>
     <span class='ocr_line' id='line_1_32' title="bbox 141 3349 1255 3416; baseline 0.002 -15"><span class='ocrx_word' id='word_1_275' title='bbox 141 3353 209 3415; x_wconf 67' lang='lat' dir='ltr'>abac,</span> <span class='ocrx_word' id='word_1_276' title='bbox 221 3356 244 3403; x_wconf 87' lang='lat' dir='ltr'>d.</span> <span class='ocrx_word' id='word_1_277' title='bbox 264 3394 295 3404; x_wconf 87' lang='lat'>..</span> <span class='ocrx_word' id='word_1_278' title='bbox 316 3351 667 3416; x_wconf 57' lang='lat' dir='ltr'>&amp;imbardueeatdspodd</span> <span class='ocrx_word' id='word_1_279' title='bbox 680 3352 751 3416; x_wconf 78' lang='lat' dir='ltr'>(iel.)</span> <span class='ocrx_word' id='word_1_280' title='bbox 772 3351 875 3415; x_wconf 65' lang='lat' dir='ltr'>Caecuba</span> <span class='ocrx_word' id='word_1_281' title='bbox 888 3352 979 3414; x_wconf 81' lang='lat' dir='ltr'>ducent,</span> <span class='ocrx_word' id='word_1_282' title='bbox 992 3368 1014 3402; x_wconf 80' lang='lat' dir='ltr'>a</span> <span class='ocrx_word' id='word_1_283' title='bbox 1034 3393 1065 3401; x_wconf 84' lang='grc'>-</span> <span class='ocrx_word' id='word_1_284' title='bbox 1084 3349 1154 3414; x_wconf 50' lang='grc' dir='ltr'>αἱηιζς,Ἰ</span> <span class='ocrx_word' id='word_1_285' title='bbox 1166 3355 1210 3402; x_wconf 84' lang='lat' dir='ltr'>sd.</span> <span class='ocrx_word' id='word_1_286' title='bbox 1223 3393 1255 3402; x_wconf 84' lang='grc'>-</span> 
     </span>
    </p>

    <p class='ocr_par' dir='ltr' id='par_1_8' title="bbox 66 3417 1256 3754">
     <span class='ocr_line' id='line_1_33' title="bbox 560 3421 708 3453; baseline 0 0"><span class='ocrx_word' id='word_1_287' title='bbox 560 3421 565 3433; x_wconf 88' lang='grc'>’</span> <span class='ocrx_word' id='word_1_288' title='bbox 702 3423 708 3453; x_wconf 92' lang='lat' dir='ltr'>l</span> 
     </span>
     <span class='ocr_line' id='line_1_34' title="bbox 66 3417 1256 3553; baseline 0.001 -17"><span class='ocrx_word' id='word_1_289' title='bbox 66 3525 77 3544; x_wconf 80' lang='grc'><em>,</em></span> <span class='ocrx_word' id='word_1_290' title='bbox 139 3417 1256 3553; x_wconf 52' lang='lat' dir='ltr'>teta.a..“1”“ust‚z.rtttttn..t-...Truthus..tututut·</span> 
     </span>
     <span class='ocr_line' id='line_1_35' title="bbox 139 3554 1255 3620; baseline -0.002 -16"><span class='ocrx_word' id='word_1_291' title='bbox 139 3571 193 3605; x_wconf 92' lang='lat' dir='ltr'>non</span> <span class='ocrx_word' id='word_1_292' title='bbox 201 3556 250 3605; x_wconf 89' lang='lat' dir='ltr'>nisi</span> <span class='ocrx_word' id='word_1_293' title='bbox 259 3557 389 3606; x_wconf 84' lang='lat' dir='ltr'>durissime</span> <span class='ocrx_word' id='word_1_294' title='bbox 398 3559 431 3606; x_wconf 85' lang='lat' dir='ltr'>ad</span> <span class='ocrx_word' id='word_1_295' title='bbox 440 3558 516 3607; x_wconf 86' lang='lat' dir='ltr'>verba</span> <span class='ocrx_word' id='word_1_296' title='bbox 524 3557 655 3620; x_wconf 89' lang='lat' dir='ltr'>sequentia</span> <span class='ocrx_word' id='word_1_297' title='bbox 666 3555 779 3616; x_wconf 77' lang='lat' dir='ltr'>refertm,</span> <span class='ocrx_word' id='word_1_298' title='bbox 791 3556 914 3618; x_wconf 82' lang='lat' dir='ltr'>quasillo</span> <span class='ocrx_word' id='word_1_299' title='bbox 927 3554 1045 3604; x_wconf 84' lang='lat' dir='ltr'>adverbio</span> <span class='ocrx_word' id='word_1_300' title='bbox 1057 3569 1160 3618; x_wconf 88' lang='lat' dir='ltr'>prorsus</span> <span class='ocrx_word' id='word_1_301' title='bbox 1172 3568 1255 3604; x_wconf 85' lang='lat' dir='ltr'>carere</span> 
     </span>
     <span class='ocr_line' id='line_1_36' title="bbox 139 3621 1256 3687; baseline -0.003 -16"><span class='ocrx_word' id='word_1_302' title='bbox 139 3631 254 3686; x_wconf 83' lang='lat' dir='ltr'>possunt</span> <span class='ocrx_word' id='word_1_303' title='bbox 276 3624 343 3673; x_wconf 87' lang='lat' dir='ltr'>Plin.</span> <span class='ocrx_word' id='word_1_304' title='bbox 360 3624 488 3687; x_wconf 84' lang='lat' dir='ltr'>scripsisse</span> <span class='ocrx_word' id='word_1_305' title='bbox 504 3625 602 3674; x_wconf 87' lang='lat' dir='ltr'>videtur</span> <span class='ocrx_word' id='word_1_306' title='bbox 618 3621 712 3671; x_wconf 64' lang='lat' dir='ltr'>diruas</span> <span class='ocrx_word' id='word_1_307' title='bbox 722 3629 854 3686; x_wconf 75' lang='lat' dir='ltr'>turpentes3</span> <span class='ocrx_word' id='word_1_308' title='bbox 872 3625 941 3685; x_wconf 86' lang='lat' dir='ltr'>quod</span> <span class='ocrx_word' id='word_1_309' title='bbox 952 3622 974 3671; x_wconf 90' lang='lat' dir='ltr'>si</span> <span class='ocrx_word' id='word_1_310' title='bbox 985 3621 1119 3672; x_wconf 88' lang='lat' dir='ltr'>violentius</span> <span class='ocrx_word' id='word_1_311' title='bbox 1130 3628 1256 3671; x_wconf 79' lang='lat' dir='ltr'>mutatum</span> 
     </span>
     <span class='ocr_line' id='line_1_37' title="bbox 139 3688 786 3754; baseline 0.005 -18"><span class='ocrx_word' id='word_1_312' title='bbox 139 3688 246 3751; x_wconf 87' lang='lat' dir='ltr'>videtur,</span> <span class='ocrx_word' id='word_1_313' title='bbox 259 3698 314 3740; x_wconf 86' lang='lat' dir='ltr'>tum</span> <span class='ocrx_word' id='word_1_314' title='bbox 326 3688 444 3739; x_wconf 55' lang='lat' dir='ltr'>madores</span> <span class='ocrx_word' id='word_1_315' title='bbox 454 3691 592 3754; x_wconf 82' lang='lat' dir='ltr'>legendum</span> <span class='ocrx_word' id='word_1_316' title='bbox 604 3705 658 3740; x_wconf 87' lang='lat' dir='ltr'>esse</span> <span class='ocrx_word' id='word_1_317' title='bbox 670 3691 786 3740; x_wconf 87' lang='lat' dir='ltr'>coniicio.</span> 
     </span>
    </p>
   </div>
   <div class='ocr_carea' id='block_1_6' title="bbox 138 3771 1255 4310">
    <p class='ocr_par' dir='ltr' id='par_1_9' title="bbox 138 3771 1255 4310">
     <span class='ocr_line' id='line_1_38' title="bbox 173 3771 1255 3837; baseline -0.006 -15"><span class='ocrx_word' id='word_1_318' title='bbox 173 3775 188 3837; x_wconf 67' lang='grc'><strong>5</strong></span> <span class='ocrx_word' id='word_1_319' title='bbox 202 3778 258 3825; x_wconf 78' lang='grc'><strong>174.</strong></span> <span class='ocrx_word' id='word_1_320' title='bbox 277 3773 367 3824; x_wconf 80' lang='lat' dir='ltr'>Salieis</span> <span class='ocrx_word' id='word_1_321' title='bbox 377 3773 477 3836; x_wconf 63' lang='lat' dir='ltr'>sadaca,</span> <span class='ocrx_word' id='word_1_322' title='bbox 489 3774 584 3825; x_wconf 83' lang='lat' dir='ltr'>Sabell.</span> <span class='ocrx_word' id='word_1_323' title='bbox 597 3815 628 3824; x_wconf 84' lang='lat'>..</span> <span class='ocrx_word' id='word_1_324' title='bbox 647 3773 713 3824; x_wconf 82' lang='lat' dir='ltr'>Num</span> <span class='ocrx_word' id='word_1_325' title='bbox 725 3772 840 3837; x_wconf 82' lang='lat' dir='ltr'>quaedum</span> <span class='ocrx_word' id='word_1_326' title='bbox 853 3782 876 3822; x_wconf 86' lang='lat' dir='ltr'>et</span> <span class='ocrx_word' id='word_1_327' title='bbox 887 3773 919 3833; x_wconf 80' lang='lat' dir='ltr'>ia,</span> <span class='ocrx_word' id='word_1_328' title='bbox 931 3775 964 3824; x_wconf 88' lang='lat' dir='ltr'>K.</span> <span class='ocrx_word' id='word_1_329' title='bbox 978 3815 1010 3823; x_wconf 84' lang='grc'>-</span> <span class='ocrx_word' id='word_1_330' title='bbox 1026 3771 1144 3836; x_wconf 76' lang='lat' dir='ltr'>paritque,</span> <span class='ocrx_word' id='word_1_331' title='bbox 1156 3785 1178 3818; x_wconf 86' lang='lat' dir='ltr'>a.</span> <span class='ocrx_word' id='word_1_332' title='bbox 1193 3784 1255 3832; x_wconf 85' lang='lat' dir='ltr'>par·</span> 
     </span>
     <span class='ocr_line' id='line_1_39' title="bbox 140 3837 1255 3905; baseline -0.004 -17"><span class='ocrx_word' id='word_1_333' title='bbox 140 3847 230 3903; x_wconf 68' lang='lat' dir='ltr'>teraqm</span> <span class='ocrx_word' id='word_1_334' title='bbox 240 3843 281 3891; x_wconf 88' lang='lat' dir='ltr'>vel</span> <span class='ocrx_word' id='word_1_335' title='bbox 289 3849 413 3905; x_wconf 80' lang='lat' dir='ltr'>parteque,</span> <span class='ocrx_word' id='word_1_336' title='bbox 426 3856 514 3892; x_wconf 88' lang='lat' dir='ltr'>omues</span> <span class='ocrx_word' id='word_1_337' title='bbox 525 3842 599 3891; x_wconf 86' lang='lat' dir='ltr'>codd.</span> <span class='ocrx_word' id='word_1_338' title='bbox 611 3856 652 3905; x_wconf 85' lang='lat' dir='ltr'>ap.</span> <span class='ocrx_word' id='word_1_339' title='bbox 664 3841 771 3892; x_wconf 80' lang='lat' dir='ltr'>Salmas.</span> <span class='ocrx_word' id='word_1_340' title='bbox 784 3845 815 3892; x_wconf 84' lang='lat' dir='ltr'>de</span> <span class='ocrx_word' id='word_1_341' title='bbox 827 3842 886 3905; x_wconf 88' lang='lat' dir='ltr'>hyle</span> <span class='ocrx_word' id='word_1_342' title='bbox 897 3856 923 3905; x_wconf 94' lang='lat' dir='ltr'>p.</span> <span class='ocrx_word' id='word_1_343' title='bbox 935 3843 976 3891; x_wconf 81' lang='grc'>97.</span> <span class='ocrx_word' id='word_1_344' title='bbox 988 3842 1012 3890; x_wconf 91' lang='lat' dir='ltr'>b.</span> <span class='ocrx_word' id='word_1_345' title='bbox 1026 3840 1064 3900; x_wconf 83' lang='grc'>0.,</span> <span class='ocrx_word' id='word_1_346' title='bbox 1077 3838 1119 3902; x_wconf 92' lang='lat' dir='ltr'>qui</span> <span class='ocrx_word' id='word_1_347' title='bbox 1131 3837 1255 3886; x_wconf 85' lang='lat' dir='ltr'>nonnulla</span> 
     </span>
     <span class='ocr_line' id='line_1_40' title="bbox 138 3903 1254 3972; baseline -0.006 -15"><span class='ocrx_word' id='word_1_348' title='bbox 138 3916 228 3958; x_wconf 84' lang='lat' dir='ltr'>mutat.</span> <span class='ocrx_word' id='word_1_349' title='bbox 243 3910 411 3972; x_wconf 80' lang='lat' dir='ltr'>praebeatque,</span> <span class='ocrx_word' id='word_1_350' title='bbox 423 3910 512 3958; x_wconf 85' lang='lat' dir='ltr'>Dalee.</span> <span class='ocrx_word' id='word_1_351' title='bbox 531 3949 561 3958; x_wconf 88' lang='grc'>..</span> <span class='ocrx_word' id='word_1_352' title='bbox 580 3924 698 3971; x_wconf 81' lang='lat' dir='ltr'>sequaces,</span> <span class='ocrx_word' id='word_1_353' title='bbox 711 3925 733 3959; x_wconf 86' lang='lat' dir='ltr'>a.</span> <span class='ocrx_word' id='word_1_354' title='bbox 753 3949 784 3958; x_wconf 79' lang='lat'>..</span> <span class='ocrx_word' id='word_1_355' title='bbox 802 3909 930 3968; x_wconf 69' lang='lat' dir='ltr'>aincurte,</span> <span class='ocrx_word' id='word_1_356' title='bbox 942 3911 958 3958; x_wconf 84' lang='lat' dir='ltr'>d</span> <span class='ocrx_word' id='word_1_357' title='bbox 970 3906 1058 3970; x_wconf 87' lang='lat' dir='ltr'>(codd.</span> <span class='ocrx_word' id='word_1_358' title='bbox 1071 3903 1140 3965; x_wconf 85' lang='lat' dir='ltr'>Gel.)</span> <span class='ocrx_word' id='word_1_359' title='bbox 1164 3903 1254 3951; x_wconf 79' lang='lat' dir='ltr'>iunctu-</span> 
     </span>
     <span class='ocr_line' id='line_1_41' title="bbox 138 3967 1254 4038; baseline -0.005 -15"><span class='ocrx_word' id='word_1_360' title='bbox 138 3991 189 4036; x_wconf 82' lang='lat' dir='ltr'>rus,</span> <span class='ocrx_word' id='word_1_361' title='bbox 201 3991 225 4024; x_wconf 83' lang='lat' dir='ltr'>a.</span> <span class='ocrx_word' id='word_1_362' title='bbox 243 4018 275 4026; x_wconf 82' lang='grc'>-</span> <span class='ocrx_word' id='word_1_363' title='bbox 294 3975 389 4036; x_wconf 79' lang='lat' dir='ltr'>letitiae,</span> <span class='ocrx_word' id='word_1_364' title='bbox 402 3978 447 4025; x_wconf 89' lang='lat' dir='ltr'>ad.</span> <span class='ocrx_word' id='word_1_365' title='bbox 464 4016 495 4025; x_wconf 95' lang='grc'>..</span> <span class='ocrx_word' id='word_1_366' title='bbox 514 3974 586 4037; x_wconf 64' lang='lat' dir='ltr'>ultus,</span> <span class='ocrx_word' id='word_1_367' title='bbox 598 3979 642 4025; x_wconf 89' lang='lat' dir='ltr'>ad.</span> <span class='ocrx_word' id='word_1_368' title='bbox 660 3975 731 4034; x_wconf 68' lang='lat' dir='ltr'>aliua</span> <span class='ocrx_word' id='word_1_369' title='bbox 742 3973 794 4038; x_wconf 75' lang='grc' dir='ltr'>βγ.</span> <span class='ocrx_word' id='word_1_370' title='bbox 811 3977 878 4026; x_wconf 87' lang='lat' dir='ltr'>Illud</span> <span class='ocrx_word' id='word_1_371' title='bbox 891 3986 929 4026; x_wconf 85' lang='lat' dir='ltr'>est</span> <span class='ocrx_word' id='word_1_372' title='bbox 940 3976 1093 4024; x_wconf 87' lang='lat' dir='ltr'>adverbium.</span> <span class='ocrx_word' id='word_1_373' title='bbox 1108 4010 1138 4019; x_wconf 84' lang='lat'>..</span> <span class='ocrx_word' id='word_1_374' title='bbox 1157 3967 1254 4032; x_wconf 80' lang='lat' dir='ltr'>levique,</span> 
     </span>
     <span class='ocr_line' id='line_1_42' title="bbox 138 4036 1253 4108; baseline -0.005 -17"><span class='ocrx_word' id='word_1_375' title='bbox 138 4057 162 4093; x_wconf 81' lang='lat' dir='ltr'>a.</span> <span class='ocrx_word' id='word_1_376' title='bbox 186 4041 283 4106; x_wconf 68' lang='lat' dir='ltr'>iurique⁹</span> <span class='ocrx_word' id='word_1_377' title='bbox 296 4046 341 4108; x_wconf 73' lang='lat' dir='ltr'>dy.</span> <span class='ocrx_word' id='word_1_378' title='bbox 364 4042 593 4106; x_wconf 60' lang='lat' dir='ltr'>marcquaDalec.</span> <span class='ocrx_word' id='word_1_379' title='bbox 614 4085 646 4093; x_wconf 84' lang='grc'>-</span> <span class='ocrx_word' id='word_1_380' title='bbox 674 4042 825 4105; x_wconf 70' lang='lat' dir='ltr'>mollioribus,</span> <span class='ocrx_word' id='word_1_381' title='bbox 839 4036 948 4093; x_wconf 82' lang='grc' dir='ltr'><strong>θΤΚᾶ.</strong></span> <span class='ocrx_word' id='word_1_382' title='bbox 974 4038 1116 4097; x_wconf 82' lang='lat' dir='ltr'>melioribus,</span> <span class='ocrx_word' id='word_1_383' title='bbox 1128 4054 1148 4087; x_wconf 90' lang='lat' dir='ltr'>r.</span> <span class='ocrx_word' id='word_1_384' title='bbox 1171 4046 1253 4086; x_wconf 82' lang='lat' dir='ltr'>utme.</span> 
     </span>
     <span class='ocr_line' id='line_1_43' title="bbox 138 4105 1254 4174; baseline -0.002 -16"><span class='ocrx_word' id='word_1_385' title='bbox 138 4107 185 4159; x_wconf 82' lang='lat' dir='ltr'>lio.</span> <span class='ocrx_word' id='word_1_386' title='bbox 196 4145 202 4158; x_wconf 93' lang='lat'>.</span> <span class='ocrx_word' id='word_1_387' title='bbox 213 4147 219 4159; x_wconf 92' lang='lat'>.</span> <span class='ocrx_word' id='word_1_388' title='bbox 229 4147 235 4159; x_wconf 92' lang='lat'>.</span> <span class='ocrx_word' id='word_1_389' title='bbox 245 4110 318 4170; x_wconf 81' lang='lat' dir='ltr'>ribus,</span> <span class='ocrx_word' id='word_1_390' title='bbox 330 4127 353 4160; x_wconf 93' lang='lat' dir='ltr'>a.</span> <span class='ocrx_word' id='word_1_391' title='bbox 370 4108 498 4172; x_wconf 56' lang='lat' dir='ltr'>vibentes,</span> <span class='ocrx_word' id='word_1_392' title='bbox 510 4113 582 4160; x_wconf 84' lang='lat' dir='ltr'>codd.</span> <span class='ocrx_word' id='word_1_393' title='bbox 596 4107 743 4174; x_wconf 69' lang='lat' dir='ltr'>Gelenssr.</span> <span class='ocrx_word' id='word_1_394' title='bbox 756 4153 787 4161; x_wconf 82' lang='grc'>-</span> <span class='ocrx_word' id='word_1_395' title='bbox 806 4127 904 4174; x_wconf 79' lang='lat' dir='ltr'>qaam-</span> <span class='ocrx_word' id='word_1_396' title='bbox 912 4109 993 4170; x_wconf 78' lang='lat' dir='ltr'>fiont3</span> <span class='ocrx_word' id='word_1_397' title='bbox 1004 4122 1051 4171; x_wconf 92' lang='lat' dir='ltr'>pro</span> <span class='ocrx_word' id='word_1_398' title='bbox 1062 4105 1103 4155; x_wconf 87' lang='lat' dir='ltr'>his</span> <span class='ocrx_word' id='word_1_399' title='bbox 1111 4121 1150 4154; x_wconf 86' lang='lat' dir='ltr'>vv.</span> <span class='ocrx_word' id='word_1_400' title='bbox 1160 4107 1254 4156; x_wconf 87' lang='lat' dir='ltr'>habeut</span> 
     </span>
     <span class='ocr_line' id='line_1_44' title="bbox 138 4171 1254 4240; baseline -0.005 -11"><span class='ocrx_word' id='word_1_401' title='bbox 138 4192 183 4239; x_wconf 71' lang='lat' dir='ltr'>qus</span> <span class='ocrx_word' id='word_1_402' title='bbox 199 4175 335 4240; x_wconf 65' lang='lat' dir='ltr'>(quamn</span> <span class='ocrx_word' id='word_1_403' title='bbox 352 4186 379 4227; x_wconf 78' lang='lat' dir='ltr'>ut</span> <span class='ocrx_word' id='word_1_404' title='bbox 393 4193 422 4226; x_wconf 82' lang='lat' dir='ltr'>ae</span> <span class='ocrx_word' id='word_1_405' title='bbox 438 4177 578 4239; x_wconf 78' lang='lat' dir='ltr'>coriofiaat</span> <span class='ocrx_word' id='word_1_406' title='bbox 594 4176 680 4239; x_wconf 58' lang='lat' dir='ltr'>eodem</span> <span class='ocrx_word' id='word_1_407' title='bbox 696 4181 769 4229; x_wconf 82' lang='lat' dir='ltr'>Tad.</span> <span class='ocrx_word' id='word_1_408' title='bbox 794 4176 968 4236; x_wconf 51' lang='lat' dir='ltr'>sacoma.</span> <span class='ocrx_word' id='word_1_409' title='bbox 994 4171 1167 4223; x_wconf 74' lang='lat' dir='ltr'>structioribus</span> <span class='ocrx_word' id='word_1_410' title='bbox 1182 4174 1254 4235; x_wconf 65' lang='lat' dir='ltr'>vasu,</span> 
     </span>
     <span class='ocr_line' id='line_1_45' title="bbox 139 4244 1135 4310; baseline -0.005 -14"><span class='ocrx_word' id='word_1_411' title='bbox 139 4259 201 4306; x_wconf 78' lang='lat' dir='ltr'>quoa</span> <span class='ocrx_word' id='word_1_412' title='bbox 209 4248 262 4296; x_wconf 66' lang='lat' dir='ltr'>aaa</span> <span class='ocrx_word' id='word_1_413' title='bbox 273 4244 416 4310; x_wconf 75' lang='lat' dir='ltr'>wriofioat,</span> <span class='ocrx_word' id='word_1_414' title='bbox 424 4246 542 4306; x_wconf 75' lang='lat' dir='ltr'>Salmas,</span> <span class='ocrx_word' id='word_1_415' title='bbox 553 4261 604 4309; x_wconf 85' lang='lat' dir='ltr'>qua</span> <span class='ocrx_word' id='word_1_416' title='bbox 615 4247 759 4295; x_wconf 86' lang='lat' dir='ltr'>coniectura</span> <span class='ocrx_word' id='word_1_417' title='bbox 769 4246 842 4297; x_wconf 80' lang='lat' dir='ltr'>loeus</span> <span class='ocrx_word' id='word_1_418' title='bbox 852 4245 967 4294; x_wconf 84' lang='lat' dir='ltr'>nondum</span> <span class='ocrx_word' id='word_1_419' title='bbox 976 4251 1015 4294; x_wconf 89' lang='lat' dir='ltr'>est</span> <span class='ocrx_word' id='word_1_420' title='bbox 1025 4248 1135 4293; x_wconf 73' lang='lat' dir='ltr'>matus.</span> 
     </span>
    </p>
   </div>
   <div class='ocr_carea' id='block_1_7' title="bbox 0 0 1452 4792">
    <p class='ocr_par' dir='ltr' id='par_1_10' title="bbox 0 0 1452 4792">
     <span class='ocr_line' id='line_1_46' title="bbox 0 0 1452 4792; baseline 0 0"><span class='ocrx_word' id='word_1_421' title='bbox 0 0 1452 4792; x_wconf 95' lang='lat' dir='ltr'> </span> 
     </span>
    </p>
   </div>
  </div>
 </body>
</html>
