2896 4792
361 315 431 363 nm.
447 313 522 362 xvr.
551 312 629 361 can.
643 314 811 363 rin-mv.
841 312 938 362 sacr.
954 314 1037 360 aas.
1215 298 1254 363 17

138 488 222 553 quac
242 467 279 534 fit
299 467 334 533 in
354 464 415 533 Ida
441 465 578 532 Troadis
607 465 641 533 in
670 476 793 537 tantum
814 466 909 534 cedro
930 466 1044 533 similis
1064 476 1100 531 ut
1121 466 1255 534 ementis

137 570 227 637 fallat
240 569 360 636 cortice
374 566 489 635 ablato.
517 565 636 635 Graeci
656 568 721 634 duo
741 590 862 659 genera
883 567 953 635 eius
973 569 1093 636 fecere:
1114 568 1300 655 longamoa

138 672 288 751 enodem,
324 670 457 737 alteram
483 669 631 749 brevem,
663 670 823 737 duriorem
855 669 1105 755 fuscioremque,
1136 669 1257 735 laur'eia

135 773 238 851 foliis3
267 771 440 839 bumeliam
462 782 576 837 vocant
596 771 631 837 in
651 771 845 838 Macedonia
866 771 1095 859 amplissimam
1114 771 1255 838 lentissi-

136 886 294 959 mamque.
322 872 389 938 Alii
411 872 475 939 situ
496 872 650 951 divisere3
674 884 886 961 campestrem
907 873 992 967 enim
1013 895 1084 940 osse
1106 873 1255 960 crispam,

136 987 322 1043 montanam
343 973 490 1061 spissam.
522 972 617 1040 Folia
638 996 748 1041 aarum
768 974 920 1040 iumentis
940 975 1118 1054 mortifera,
1140 975 1301 1041 asterisci

138 1076 369 1144 ruminantium
382 1076 521 1142 innocua
536 1073 654 1143 Graeci
668 1076 838 1162 prodidere
845 1102 855 1156 3
876 1076 912 1141 in
925 1076 1019 1143 Italia
1032 1099 1091 1143 nec
1103 1075 1257 1143 iumentis

137 1191 270 1257 nocent;
303 1188 418 1245 contra
444 1179 600 1266 serpentis
627 1201 703 1245 vero
734 1201 811 1245 suco
842 1200 995 1267 expresso
1021 1179 1063 1244 ad
1091 1192 1204 1265 potum
1225 1190 1258 1247 et

137 1281 277 1368 inposita
298 1279 400 1346 ulceri
420 1279 544 1365 opifera
564 1303 602 1347 ac
622 1279 702 1347 nihil
730 1302 831 1366 aeque
857 1282 1076 1367 reperiuntur,
1109 1291 1259 1366 tantaque

139 1394 187 1451 est
207 1384 258 1451 vis
279 1393 316 1448 ut
341 1405 383 1448 ne
410 1382 584 1447 matutinas
610 1382 739 1468 quidem
765 1382 981 1449 occidentisve
1009 1381 1154 1461 umbras,
1183 1404 1258 1449 cum

139 1496 214 1552 sunt
234 1483 459 1571 longissimae,
489 1506 622 1571 serpens
643 1483 768 1550 arboris
790 1484 859 1550 sius
880 1484 1032 1571 attingat,
1055 1480 1135 1550 odeo
1154 1485 1258 1570 ipsam

136 1586 251 1675 procul
271 1587 385 1673 fugiat.
421 1584 558 1672 Experti
579 1585 755 1673 prodimus,
778 1586 806 1651 si
826 1585 941 1652 fronde
962 1607 1001 1651 ea
1021 1606 1167 1674 gyroque
1189 1583 1258 1649 clu·
1348 1660 1352 1669 .

137 1689 233 1754 datur
252 1688 339 1778 ignis
365 1698 398 1754 et
425 1710 574 1773 serpens,
603 1687 637 1752 in
664 1687 751 1775 ignis
777 1688 885 1775 potius
912 1708 1009 1772 quam
1037 1687 1070 1752 in
1097 1685 1258 1752 fraxinum

137 1790 250 1878 fugere
272 1800 464 1876 serpentem.
491 1788 579 1855 Mira
599 1801 732 1855 naturae
752 1788 947 1877 benignitas,
968 1788 1059 1874 prius
1081 1808 1177 1872 quam
1197 1785 1258 1853 hae

136 1892 294 1980 prodeant
318 1891 432 1958 llorere
458 1891 618 1957 fraxinum
639 1913 700 1958 nec
721 1902 796 1957 ants
818 1891 964 1958 conditas
985 1890 1064 1957 folia
1086 1890 1257 1956 dimittere.

179 1993 277 2060 XIV.
300 1994 351 2061 25.
386 1992 427 2059 In
456 1993 524 2058 tilia
550 2016 621 2059 mas
648 2004 681 2059 et
706 1993 825 2059 femina
849 1993 1003 2060 differunt
1030 1992 1117 2060 omni
1144 1992 1256 2070 mod03
1270 2008 1302 2053 ss

136 2118 276 2183 namque
304 2107 336 2162 et
355 2094 505 2161 materies
526 2094 607 2160 mari
629 2094 711 2161 dura
731 2095 892 2180 rufiorque
918 2119 956 2162 ac
982 2094 1104 2162 nodosa
1125 2105 1158 2161 et
1177 2095 1256 2161 odo-

136 2200 249 2278 ratior,
278 2208 389 2264 cortex
409 2219 537 2282 quoque
560 2197 699 2291 crassior
720 2220 758 2263 ac
780 2197 943 2264 detractus
963 2197 1164 2276 inflexibilis3
1197 2218 1259 2264 neo

137 2322 247 2368 seman
268 2301 333 2366 fort
354 2309 411 2364 aut
430 2298 540 2364 florem
562 2309 599 2365 ut
619 2298 748 2379 femina,
771 2320 854 2385 quas
876 2300 1015 2366 crassior
1036 2297 1167 2377 arbore,
1188 2320 1258 2365 ma-

138 2403 219 2470 terie
240 2400 377 2470 candida
397 2401 659 2489 praecellensque
681 2411 740 2467 est.
762 2398 887 2467 Mirum
907 2401 940 2467 in
961 2401 1023 2466 hac
1050 2401 1162 2467 arbore
1188 2402 1257 2479 fru-¹

139 2515 225 2569 ctum
246 2525 267 2568 a
286 2502 376 2570 nullo
396 2502 581 2567 animalium
601 2501 734 2589 attingi,
761 2502 907 2568 foliorum
929 2501 1123 2587 corticisque
1145 2524 1258 2569 sucum

142 2625 213 2670 esso
237 2604 370 2671 dulcem.
404 2603 494 2670 Inter
514 2600 664 2670 corticem
686 2627 724 2670 ac
745 2604 869 2690 lignum
891 2616 1004 2670 tenues
1026 2604 1151 2669 tunicae
1173 2605 1256 2669 mul-

140 2705 242 2792 tiplici
257 2706 450 2783 membrana,
473 2728 491 2771 e
513 2700 630 2790 quibus
651 2705 779 2772 vincula
801 2706 887 2772 tiliae
909 2716 1080 2783 vocantur3
1104 2706 1256 2772 tenuissi-

137 2830 227 2873 mum
248 2830 358 2874 eorum
377 2808 533 2894 philyrae,
554 2829 743 2874 coronarum
763 2806 924 2874 lemniscis
946 2805 1087 2874 celebres
1107 2808 1256 2892 antiquo·

137 2922 209 2975 rum
229 2908 360 2976 bonore.
382 2909 539 2977 Materies
560 2909 738 2976 teredinem
759 2932 823 2977 non
847 2909 950 2990 sentit,
973 2909 1163 2997 proceritate
1181 2924 1255 2997 pera

136 3034 233 3096 quam
254 3002 391 3090 modica,
413 3034 523 3078 verum
545 3010 642 3078 utilis.

171 3224 241 3285 501.
266 3220 378 3284 paramo,
395 3223 468 3273 Tad.
490 3217 647 3287 pennatass.
668 3261 694 3270 ..
720 3220 779 3283 ipro,
791 3239 811 3271 r.
834 3222 875 3272 De
886 3223 968 3273 abiete
980 3224 1047 3272 idom
1059 3221 1204 3283 dlxit§48.
1225 3263 1254 3273 -

137 3286 241 3338 Acrato
252 3286 324 3337 loeta
334 3289 440 3339 Homer.
451 3288 524 3340 Iliad.
536 3292 627 3349 υ,177.
643 3329 675 3339 ..
693 3287 770 3349 cedro,
782 3291 827 3340 ad.
844 3288 910 3351 citro,
922 3286 952 3351 β.

171 3359 188 3421 5
200 3362 241 3407 ⁶3.
261 3354 359 3417 Graeci,
371 3357 503 3421 Theopbr.
515 3357 574 3408 hist
585 3357 666 3422 plant
678 3356 727 3407 IIL
742 3363 782 3418 11,
794 3362 818 3406 4.
832 3399 862 3407 -
882 3356 1029 3422 amphisimc
1041 3357 1221 3423 lenuisimaqnc,
1232 3374 1255 3408 a.

138 3421 430 3487 btunmomqnaDalec.
1064 3427 1071 3440 '

172 3494 241 3557 §ta
259 3499 333 3552 nocet,
345 3507 385 3543 ar.
403 3532 435 3542 -
452 3500 577 3556 carpentas,
589 3509 612 3543 a.
635 3491 696 3541 serti)
707 3493 810 3554 amintes,
822 3495 847 3543 d.
865 3534 896 3543 ..
914 3492 995 3552 oleari,
1006 3495 1039 3544 D.
1062 3492 1165 3555 ulterior,
1178 3511 1200 3545 a
1220 3492 1257 3544 ul·

138 3559 228 3620 aaa,
241 3561 265 3610 (1.
291 3558 413 3619 alcmbus,
424 3556 477 3624 βγ.
494 3561 606 3611 Litterae
616 3576 644 3608 or
655 3568 681 3611 et
691 3559 729 3609 ori
739 3576 772 3611 cx
784 3562 910 3626 sequentis
922 3563 991 3612 vocis
1002 3563 1074 3612 initio
1086 3572 1164 3612 ortae.
1183 3563 1257 3614 Oete·

137 3643 195 3677 rum
209 3643 233 3677 v.
245 3628 363 3678 Dioscor.
379 3634 400 3689 1,
413 3632 470 3679 108.
488 3669 520 3678 ..
539 3628 620 3689 aaut,
633 3631 656 3678 d.
674 3627 743 3690 aaut
755 3643 778 3678 a.
797 3669 828 3679 ..
846 3645 925 3692 qnam,
938 3645 961 3680 a.
980 3671 1011 3680 -
1031 3629 1170 3696 longissime,
1182 3646 1206 3680 a
1224 3669 1256 3680 ..

137 3694 232 3744 arboria
248 3694 310 3756 cius,
328 3703 387 3759 post
403 3697 498 3745 umbras
514 3697 626 3746 collocat
642 3696 709 3746 Pint
729 3737 756 3746 -
779 3696 864 3759 procul
877 3697 966 3762 psam,
983 3701 1007 3749 d.
1026 3741 1056 3749 -
1076 3699 1156 3763 fnyet,
1173 3699 1205 3749 K.
1224 3738 1255 3747 -

130 3761 260 3824 frontaa.
279 3803 310 3812 -
333 3779 445 3828 gyroque,
461 3756 560 3814 Orsa.
585 3760 693 3829 gyrari
707 3805 738 3813 -
757 3762 912 3827 damtuna.
937 3762 1133 3831 claudatur,str.
1159 3765 1257 3815 cumm-

138 3827 278 3891 cloudotnr,
295 3830 348 3882 Td.
367 3870 399 3881 ..
425 3839 459 3892 et,
477 3832 612 3882 dolendum
628 3831 739 3893 videtur,
761 3844 790 3883 ut
806 3831 868 3898 tyna
884 3835 1015 3896 genetivus
1030 3836 1140 3900 pendeat
1154 3850 1170 3883 a
1183 3847 1257 3897 gyroq

138 3897 205 3960 ignis
217 3899 284 3947 enim
296 3908 362 3949 carta
374 3899 515 3961 claudebat,
532 3916 585 3951 non
597 3900 773 3963 claudebatur3
791 3911 901 3966 atquem
913 3917 1005 3967 gyrum
1016 3902 1156 3963 intelligere
1169 3915 1257 3965 possu-

138 3980 198 4015 mus
213 3965 261 4015 nisi
277 3967 397 4030 igneum?
415 4009 446 4017 ..
469 3966 494 4015 in
505 3967 578 4032 qnae,
590 3966 653 4017 adr.
676 3967 701 4017 in
713 3968 797 4033 ι’φιεηι,
809 3963 838 4029 β.

174 4035 244 4098 §tta
261 4034 331 4095 mori,
346 4028 416 4085 θεά.
439 4034 522 4097 morta,
533 4030 561 4098 β.
580 4035 700 4087 (lotorum
710 4052 734 4086 v.
746 4037 876 4102 Theopbr.
889 4037 934 4087 1.1,
946 4036 996 4086 ΠΙ.
1011 4042 1048 4096 10,
1059 4043 1083 4084 4.
1105 4075 1135 4084 -
1158 4032 1258 4099 Mirans,

137 4101 271 4166 Theophr.
283 4103 300 4152 l.
312 4104 330 4153 l.
342 4102 363 4151 Ι.
379 4109 417 4164 12,
430 4110 455 4154 4.
468 4145 498 4153 -
515 4103 614 4164 turbae,
625 4106 714 4156 Dalec.
733 4104 831 4166 malaca,
844 4100 893 4165 dss.
912 4104 1009 4163 tonum,
1021 4119 1043 4152 a
1057 4143 1089 4152 ..
1102 4103 1258 4154 tranirsimom

40 4198 45 4208 ·
138 4184 261 4230 ceroma.
285 4169 597 4233 tmcriaimumcorinm,K.·
620 4171 768 4223 lentissimae
779 4188 868 4231 coram,
881 4166 953 4235 ἀβγ.
973 4210 1002 4219 -
1026 4168 1184 4235 antiquorum,
1198 4177 1258 4225 adr.

138 4236 386 4356 mmmm
875 4300 879 4309 ’
1036 4306 1055 4367 o
