2896 4792
205 275 245 337 68
558 288 762 336 aerumnis
785 288 980 336 nrsroarsa

204 465 291 506 mum
313 452 373 518 est,
395 441 536 527 graviter
558 440 718 525 increpuit
739 439 816 502 anti
838 462 1003 504 censorem
1024 439 1179 518 habitare,
1202 447 1246 505 us.
1270 464 1329 527 pro

204 543 297 608 domo
327 542 397 607 eius
423 541 598 606 identidem
624 540 829 626 promittens,
864 554 896 606 et
925 537 1081 618 Crassus,
1113 553 1149 605 ut
1174 564 1330 627 praesens

201 644 331 733 ingenio
354 665 489 729 semper,
512 653 547 706 ut
570 643 674 707 laceto
696 643 807 728 lepore
830 642 951 721 sollers,
974 643 1124 708 addicere
1145 666 1178 708 se
1192 667 1329 730 respon-

202 746 250 810 dit
271 745 414 830 exceptis
437 765 494 807 sex
521 742 700 808 arboribus.
737 744 789 807 Ac
816 765 857 808 ne
884 765 949 807 uno
977 743 1107 826 quidem
1129 744 1271 822 denaria,
1301 745 1359 811 sie

202 847 434 923 adimerentur,
465 855 604 931 emptam
631 845 757 909 volente
784 843 944 922 Domiti0‚
974 842 1124 923 Crassus,
1153 857 1337 934 „utrumne

201 948 301 1035 igitur
322 970 383 1036 ego
406 948 510 1024 sum''‚
532 946 646 1030 inquit,
670 967 823 1030 „quaes0‚
845 944 980 1023 Domiti,
998 945 1144 1031 exemplo
1165 947 1274 1033 gravis
1296 959 1330 1012 et

201 1049 242 1114 ab
265 1049 338 1135 ipsa
358 1070 430 1113 mea
453 1069 588 1112 censura
610 1047 770 1112 notandus
793 1047 848 1131 qni
871 1047 965 1111 domo
995 1070 1077 1130 quae
1099 1047 1176 1111 mihi
1198 1047 1328 1113 heredi-

203 1160 267 1213 tate
290 1148 422 1214 obvenit
444 1148 643 1213 conmuniter
663 1147 816 1227 habitem,
845 1172 887 1213 an
909 1149 1020 1231 tuqui
1042 1171 1099 1213 sex
1121 1148 1250 1214 arbores
1272 1172 1328 1215 ae-

202 1263 322 1315 stumes
344 1252 441 1315 fis.?''
475 1248 544 1314 Eae
566 1251 656 1315 luere
677 1251 763 1315 lotoe
786 1250 896 1336 patula
917 1267 1078 1314 ramorum
1100 1251 1259 1336 opacitate
1280 1251 1356 1315 la-s

203 1353 323 1429 soivae,
360 1350 499 1418 Caecina
526 1350 638 1439 Largo
665 1374 682 1416 e
711 1351 897 1436 proceribus
924 1351 1035 1416 erebro
1063 1352 1192 1416 iuventa
1218 1364 1329 1417 nostra

202 1476 256 1518 eas
278 1453 311 1517 in
334 1452 428 1518 domo
450 1474 509 1516 sua
531 1461 726 1530 ostentante,
757 1452 1026 1535 duraveruntque,
1052 1453 1202 1535 quoniam
1232 1455 1327 1519 etde

200 1555 389 1642 longissimo
412 1578 491 1619 aevo
514 1554 662 1620 arborum
684 1553 835 1630 diximus,
863 1553 904 1617 ad
926 1552 1065 1618 Neronis
1092 1554 1248 1641 principis
1275 1557 1326 1621 in·

201 1658 315 1723 cendia
351 1656 467 1740 quibus
497 1656 650 1720 cremavit
676 1653 789 1719 urbem
817 1653 908 1717 annis
937 1675 1048 1717 ccxxx
1076 1666 1201 1740 postea,
1238 1658 1327 1721 cultu

202 1759 321 1824 virides
343 1758 550 1841 iuvenesque,
573 1759 606 1820 ni
629 1757 780 1842 princeps
801 1755 856 1822 ille
878 1755 1091 1822 adcelerasset
1113 1757 1208 1821 etiam
1230 1757 1326 1823 arbo-

201 1883 273 1925 rum
300 1870 444 1924 mortem.
483 1858 534 1923 Ac
560 1881 602 1922 ne
629 1857 701 1941 quis
730 1858 827 1923 vilem
856 1858 899 1922 de
924 1869 1030 1923 cetero
1061 1856 1170 1923 Crassi
1197 1858 1355 1925 domums

201 1960 343 2046 nihilque
364 1961 399 2027 in
421 1985 459 2026 ea
481 1960 628 2048 iurgante
645 1958 788 2023 Domitio
811 1959 910 2023 fuisse
932 1959 1103 2024 dicendum
1125 1975 1252 2046 praeter
1273 1986 1326 2026 ar-

201 2061 295 2129 bores
323 2063 461 2141 iudicet,
497 2062 560 2126 iam
594 2063 758 2126 columnas
790 2073 943 2144 quattuor
968 2061 1128 2146 Hymettii
1156 2066 1326 2131 marmoris
1374 2126 1377 2143 ,

202 2163 373 2230 aedilitatis
396 2164 500 2251 gratia
515 2162 557 2227 ad
572 2186 723 2228 scaenam
737 2163 912 2227 ornandam
926 2162 1076 2229 advectas
1098 2164 1132 2227 in
1153 2167 1234 2230 atrio
1256 2166 1326 2231 eius

202 2263 316 2330 domus
339 2277 506 2344 statuerat,
535 2287 608 2329 cum
636 2265 668 2328 in
691 2265 820 2350 publico
843 2266 984 2329 nondum
1007 2278 1114 2331 essent
1134 2266 1218 2331 ullae
1241 2290 1325 2331 mar-

202 2391 341 2433 moreae.
364 2368 447 2432 Tam
468 2389 579 2431 recens
603 2377 653 2430 est
675 2367 838 2452 opulentia
861 2377 1011 2450 tantoque
1033 2379 1109 2433 tuuc
1130 2368 1203 2451 plus
1224 2366 1325 2433 hono-

202 2468 247 2533 ris
269 2468 399 2534 arbores
423 2469 572 2533 domibus
594 2468 790 2543 adferebant,
812 2479 848 2531 ut
871 2469 938 2532 sine
958 2468 1020 2533 illis
1035 2492 1075 2532 ne
1089 2453 1326 2532 inimicitiarum

203 2569 332 2653 quidem
353 2571 492 2656 pretium
515 2569 692 2635 servaverit
705 2569 1009 2636 DomitiusFuere
1024 2569 1065 2634 ab
1086 2569 1127 2635 iis
1150 2580 1182 2634 et
1204 2581 1354 2654 cogno-7
1375 2584 1382 2591 ·

129 2718 136 2723 -
204 2671 292 2735 mina
318 2672 474 2756 antiquis:
505 2670 674 2737 Fronditio
703 2671 796 2735 militi
822 2671 868 2736 illi
901 2672 957 2755 qui
992 2671 1157 2757 praeclara
1181 2671 1326 2736 facinora

202 2771 396 2839 Volturnum
418 2784 622 2838 transnatans
644 2772 757 2838 fronde
779 2773 877 2859 capiti
897 2772 1035 2857 inposita
1056 2771 1210 2836 adversus
1229 2771 1324 2835 Han·
1394 2851 1396 2856 ,

201 2873 341 2939 nibalem
364 2875 482 2939 edidit:
515 2871 684 2939 Stolonum
704 2873 851 2938 Liciniae
878 2873 986 2958 genti3
1013 2872 1058 2935 ita
1085 2873 1264 2957 appellatur
1289 2873 1324 2935 in

200 2975 281 3060 ipsis
303 2974 470 3039 arboribus
491 2974 653 3040 fruticatio
674 2974 806 3052 inutilis,
829 2974 915 3039 unde
938 2985 970 3038 et
984 2974 1179 3059 pampinatio
1194 2974 1324 3038 inventa

202 3077 305 3163 primo
330 3073 453 3141 Stoloni
474 3076 563 3143 dedit
584 3100 711 3142 nomen.
749 3073 828 3139 Fuit
855 3085 887 3138 et
915 3074 1065 3140 arborum
1093 3097 1170 3140 cura
1196 3074 1324 3163 legibus
1402 3078 1405 3084 ’

228 3217 293 3295 HS,
305 3235 341 3284 ita
352 3248 399 3284 nos
411 3235 564 3299 scripsimus.
582 3234 626 3295 tu,
639 3236 663 3283 d.
675 3233 703 3294 ir,
716 3247 738 3282 a
751 3223 811 3299 slsis,
820 3233 853 3283 Ι).
873 3233 962 3284 Omitt.
972 3228 1022 3296 βγ.
1035 3275 1064 3282 -
1075 3233 1131 3294 eius,
1140 3235 1194 3283 Da.
1213 3232 1263 3280 eim
1275 3248 1323 3280 ser-

203 3300 303 3361 tertium,
316 3296 387 3351 OTd
399 3299 468 3363 (cod.
480 3303 671 3367 antiquissimus
683 3317 723 3365 ap.
735 3302 801 3350 Bud.
815 3303 846 3350 da
864 3316 920 3351 asse
937 3317 962 3365 p.
975 3299 1047 3364 351.)
1069 3301 1118 3350 cira
1129 3300 1259 3350 calatium
1270 3298 1323 3348 mit

202 3367 252 3430 lies,
263 3365 293 3431 β.
311 3368 360 3417 eiua
371 3370 500 3419 sertertium
512 3369 628 3434 serapias,
639 3371 739 3419 Broter.
752 3384 786 3418 ex
797 3369 885 3418 Valcr.
897 3371 968 3419 Max.
981 3369 1028 3419 IX.
1041 3375 1096 3428 1,t.
1114 3371 1156 3419 Ex
1168 3370 1323 3432 optimorum

202 3438 277 3486 codd.
294 3439 417 3500 scriptura
432 3448 537 3503 apparet
552 3440 676 3502 pecuniae
693 3453 818 3487 summam
836 3453 852 3485 a
868 3438 953 3487 Plinio
975 3439 1090 3501 superius
1125 3437 1216 3486 ositam
1233 3443 1324 3499 postea

202 3506 301 3554 carnin
313 3506 400 3554 locum
412 3507 557 3557 inferiorem
569 3508 743 3569 migrasse.-
762 3504 884 3566 arsaceto,
896 3507 940 3555 ad.
960 3504 1078 3568 etsaceto,
1115 3518 1139 3567 γ.
1153 3545 1184 3552 -
1204 3501 1323 3564 addicere,

201 3573 267 3622 Tad
279 3570 349 3634 (cod.
361 3570 441 3635 Bud.)
459 3572 590 3634 concedere,
602 3591 622 3623 r.
641 3615 672 3623 ..
691 3571 840 3636 respondens,
853 3575 889 3622 a¹.

235 3643 287 3704 §ab
313 3640 423 3703 quisae.
448 3682 479 3692 ..
504 3642 582 3706 pravi,
594 3643 627 3691 K.
648 3682 678 3691 ..
702 3639 777 3702 darno,
789 3643 832 3690 ad.
855 3636 1029 3703 indometa
1049 3680 1079 3689 ..
1104 3635 1236 3697 hereditati,
1248 3654 1271 3687 a.
1291 3679 1322 3687 -

202 3708 392 3770 communirent,
418 3709 557 3771 cum⁴iter,a.
580 3709 682 3768 comiter,
700 3704 770 3772 ᾱβγ.
796 3709 875 3758 Recta
893 3709 943 3757 iam
959 3707 1049 3758 Dalec.
1066 3707 1200 3756 lectionem
1218 3721 1233 3754 a
1249 3707 1324 3757 nobis

202 3785 353 3853 receptam-
349 3778 472 3841 explicuit
488 3776 621 3838 „communi
634 3785 657 3824 et
669 3775 783 3840 populerri
797 3773 936 3824 modestio.’'
959 3816 989 3825 ..
1017 3791 1049 3825 aa
1063 3771 1181 3836 tequea.
1208 3773 1323 3836 antiquar,

202 3862 227 3908 d.
246 3902 277 3910 -
301 3860 364 3920 HS,
376 3863 413 3911 ita
424 3878 472 3912 nos
484 3862 637 3924 scripsimus.
658 3861 768 3910 Restitui
779 3861 846 3908 hanc
858 3868 946 3908 notam
957 3875 991 3908 ex
1002 3860 1084 3921 prima
1095 3872 1157 3906 voce
1169 3860 1323 3922 paragraphi

203 3931 339 3990 sequentis,
356 3930 439 3993 qualis
455 3945 487 3978 ea
502 3930 528 3977 in
546 3928 647 3989 optimis
664 3930 737 3977 codd.
755 3935 851 3987 exstat3
867 3928 951 3990 aptius
967 3927 1043 3976 etiam
1060 3934 1086 3975 et
1097 3925 1211 3975 acerbius
1222 3941 1253 3974 ea
1264 3928 1291 3975 h.
1304 3928 1321 3976 l.

202 3996 304 4058 legitur,
321 4013 407 4060 qnam,
420 3998 463 4046 ubi
475 3998 608 4058 hucusque
619 3989 687 4058 (βγ)
699 3995 837 4056 legebatur,
855 4003 914 4056 post
930 4009 963 4041 aa
976 4001 1000 4042 ta
1012 3994 1064 4056 qai;
1081 3995 1115 4043 ibi
1132 3995 1227 4044 scilicet
1237 4001 1321 4042 rater-

203 4062 261 4144 tiam
273 4064 352 4145 habet
363 4066 394 4125 T,
416 4063 548 4111 aesteruam
563 4060 648 4110 millies
663 4057 694 4123 β,
716 4059 846 4108 ratertium
862 4060 972 4124 serapim
987 4076 1012 4126 γ.
1040 4063 1078 4113 At
1092 4063 1157 4111 nihil
1174 4062 1267 4112 horum
1283 4062 1322 4111 in.

201 4135 412 4260 vegxblrldabfld.
435 4199 578 4256 Harena.
597 4237 629 4246 ..
650 4194 773 4257 lotnaad.
800 4193 897 4257 baar.
920 4192 1030 4262 larmir.
1049 4239 1080 4247 ..
1099 4214 1119 4258 e,
1137 4199 1218 4248 omitt.
1230 4199 1321 4261 ruitio

202 4281 344 4330 operarum.
372 4306 404 4315 ..
429 4266 539 4330 iuventa,
559 4267 604 4317 ad.
630 4263 783 4326 ieiunante,
802 4259 853 4330 βγ.
875 4305 907 4317 ..
933 4263 1036 4315 dicimus
1058 4271 1101 4326 16,
1122 4271 1173 4316 234
1193 4280 1262 4329 seqq.
1289 4305 1320 4314 ..
