2896 4792
427 94 433 126 l

375 314 445 360 nm.
462 314 521 358 nx.
550 311 629 367 cnr.
646 310 722 357 xm.
740 309 814 355 xrv.
846 307 944 354 secr.
961 310 992 352 51.
1007 308 1037 352 a.
1201 287 1263 351 325

141 466 276 553 trychno
305 475 337 531 et
366 464 462 551 adipe
490 464 583 528 suillo
604 484 643 527 ac
664 432 790 526 taurino
818 482 911 536 sevo,
941 459 1049 544 ignem
1067 477 1192 522 sacrum
1223 477 1264 520 ex

140 579 232 639 aceto
254 580 286 634 et
307 566 376 633 oleo
397 568 449 632 vel
469 565 643 652 psimithio,
667 561 895 628 carbunculum
912 583 952 624 ex
982 569 1081 624 aceto.
1110 556 1265 623 Nonnulli

129 670 343 756 ‚laserpicium
364 689 428 731 una
449 665 540 730 inlini
562 665 690 743 iubent,
720 663 788 728 sine
816 684 879 746 quo
902 659 1103 746 epinyctidas
1130 658 1265 746 pusulas

142 783 264 838 curant.
286 770 451 856 Inponunt
472 779 504 833 et
525 768 672 832 mammis
688 765 894 852 turgentibus
907 763 1070 829 decoctam
1085 773 1116 827 et
1130 761 1265 847 pituitae
1280 779 1328 822 142

142 871 364 959 eruptionibus
393 892 465 935 cum
493 891 581 947 cera,
610 868 740 933 testium
768 889 845 932 vero
875 865 1039 952 epiphoris
1067 887 1140 929 cum
1167 863 1265 953 ramis

140 975 270 1041 laureae
292 972 429 1049 teneris,
457 971 537 1035 adeo
563 969 717 1057 peculiari
746 970 780 1034 in
802 967 978 1034 visceribus
1008 966 1058 1031 his
1086 966 1200 1033 effectu
1230 975 1267 1031 ut

142 1075 280 1141 silvestri
301 1084 373 1139 ruta
394 1095 467 1138 cum
488 1071 631 1158 axungia
652 1071 752 1136 veteri
773 1069 880 1136 inlitos
901 1069 1037 1134 ramices
1061 1069 1166 1134 sanari
1188 1091 1266 1153 pro·

141 1177 234 1255 dant,
257 1177 360 1241 fracta
382 1196 509 1260 quoque
530 1172 674 1239 membra
689 1172 810 1238 semine
833 1173 906 1236 trito
928 1193 1002 1237 eum
1024 1193 1097 1236 cera
1111 1170 1262 1257 inposito.

139 1276 247 1344 Radix
266 1288 358 1342 rutae
375 1275 566 1364 sanguinem
587 1274 687 1340 oculis
703 1273 918 1339 sublusumet
941 1283 1005 1338 toto
1028 1294 1160 1359 corpore
1183 1272 1266 1336 cica-

142 1379 238 1444 trices
259 1388 316 1443 aut
338 1377 479 1442 maculas
499 1376 593 1442 inlitu
615 1374 772 1440 emendat.
799 1373 855 1438 Ex
875 1373 1006 1458 reliquis
1028 1395 1111 1457 quae
1132 1372 1265 1437 tradun-

141 1490 194 1545 tur
213 1479 329 1544 mirum
351 1489 411 1555 est,
435 1499 508 1543 cum
530 1476 709 1542 ferventem
729 1485 820 1540 rutae
835 1485 983 1540 naturam
991 1496 1070 1540 esse
1085 1472 1265 1552 conveniat,

139 1580 326 1646 fasciculum
348 1579 418 1644 eius
440 1579 474 1642 in
491 1600 622 1644 rosaceo
645 1577 811 1643 decoctum
832 1576 943 1640 additu
964 1575 1059 1640 uncia
1080 1576 1168 1641 aloes
1189 1597 1265 1661 per-

140 1681 244 1747 unctis
284 1680 432 1746 sudorem
465 1681 640 1767 reprimere
679 1679 821 1763 itemque
856 1677 1095 1764 generationem
1126 1675 1265 1762 inpediri

139 1782 201 1847 hoe
221 1781 309 1855 eibo;
331 1780 404 1845 ideo
424 1780 459 1844 in
480 1780 637 1867 profluvio
661 1780 794 1867 genitali
813 1780 911 1845 ¹datur
932 1791 965 1847 et
984 1801 1134 1846 venerem
1155 1776 1267 1842 crebro

140 1905 199 1970 per
220 1882 344 1948 somnia
364 1881 626 1968 imaginantibus.
661 1882 925 1948 Praecavendum
952 1890 1001 1946 est
1024 1880 1169 1966 gravidis
1190 1880 1266 1945 abs·
1282 1889 1330 1934 ¹⁴³

140 1986 263 2051 tineent
294 1984 355 2050 hoc
385 1983 473 2060 cibo;
507 1984 615 2049 necari
645 1984 730 2049 enim
756 1995 868 2070 partus
893 1984 1031 2050 invenio.
1076 1980 1201 2046 Eadem
1225 2001 1267 2045 ex

139 2086 286 2152 omnibus
309 2085 387 2151 satis
408 2084 646 2172 quadripedum
668 2107 795 2170 quoque
822 2085 941 2152 morbis
963 2073 1008 2149 in*
1026 2105 1176 2149 maxumo
1204 2103 1266 2146 usu

140 2200 200 2266 est,
223 2188 291 2253 sive
312 2187 440 2252 difficile
462 2187 659 2272 spirantibus
688 2188 757 2253 sive
778 2197 889 2252 contra
902 2183 1264 2253 maleficorum'anima·

138 2287 217 2352 lium
244 2287 343 2366 ictus,
369 2287 479 2352 infusa
505 2310 565 2371 per
589 2288 677 2354 naris
704 2311 744 2353 ex
768 2288 847 2361 ¹vino
874 2298 945 2365 aut,
978 2287 1005 2352 si
1034 2287 1265 2372 sanguisugam

141 2387 355 2465 exhauserint,
378 2410 419 2452 ex
440 2397 532 2453 aceto
553 2398 586 2451 et
604 2408 806 2472 quocumque
832 2389 866 2452 in
889 2388 984 2452 simili
1007 2388 1191 2453 morborum
1205 2407 1264 2473 ge·

141 2511 218 2555 nere
241 2499 278 2554 ut
298 2490 332 2553 in
352 2488 481 2553 homine
504 2497 691 2573 temperata.

182 2589 280 2656 XIV.
303 2590 354 2655 52.
376 2587 594 2654 Mentastrum
613 2588 771 2654 silvestris
791 2598 900 2653 menta
920 2597 970 2653 est
985 2587 1140 2653 differens
1156 2587 1265 2672 specie
1281 2597 1328 2644 144

141 2691 291 2756 foliorum
313 2712 396 2774 quae
419 2699 494 2756 sunt
514 2690 620 2778 ligura
642 2689 747 2766 ocimi,
770 2689 858 2775 pulei
880 2691 996 2767 colore,
1019 2700 1153 2774 propter
1178 2688 1267 2774 quod

141 2793 272 2876 quidam
300 2794 445 2859 silvestre
478 2791 621 2876 puleium
642 2801 774 2869 vocant3
804 2791 843 2857 iis
873 2791 1133 2856 conmanducatis
1161 2802 1194 2855 et
1215 2791 1266 2856 in·

140 2894 255 2980 positis
282 2894 389 2959 sanari
420 2891 664 2978 elephantiasim
689 2891 805 2980 Magni
826 2891 962 2979 Pompei
997 2902 1102 2957 aetate
1133 2892 1266 2973 fortuito

142 2997 309 3061 cuiusdam
331 2991 550 3081 experimento
573 3004 705 3081 propter
726 3003 875 3081 putorem
902 2994 983 3059 faeie
1011 2995 1102 3058 inlita
1128 3017 1265 3081 conper-

141 3109 210 3162 tum
231 3108 291 3163 est.
313 3097 438 3162 Eadem
458 3097 636 3162 inlinuntur
657 3095 873 3180 bibunturque
896 3096 1050 3162 adversus
1065 3097 1267 3184 scorpionem
1281 3105 1329 3151 14⁵

176 3273 260 3333 5140.
287 3269 376 3330 arceias,
389 3272 433 3319 ad.
456 3269 601 3332 obolos,K¹.
625 3267 823 3331 drachmas‚K².
845 3311 877 3320 ..
902 3269 1129 3334 partibusquaqa.
1155 3269 1268 3334 parabus

142 3352 211 3399 quae,
224 3340 247 3387 (1.
266 3338 363 3385 artubus
374 3353 441 3399 quos,
452 3353 472 3385 r.
491 3378 523 3387 ..
541 3345 574 3398 ut,
587 3354 610 3387 a.
628 3344 658 3398 et,
672 3339 695 3388 d.
716 3377 747 3387 ..
766 3337 809 3399 vel,
822 3341 868 3388 ad.
889 3379 920 3386 -
935 3345 1002 3400 potu,
1015 3339 1048 3388 K.

175 3424 260 3485 §let
289 3428 408 3485 tryenaa.
427 3421 509 3482 amno,
522 3424 546 3471 d.
568 3420 685 3486 structae,
698 3423 772 3471 codd.
785 3422 842 3472 Gal.
854 3418 905 3485 βγ.
926 3463 957 3470 -
980 3439 1031 3470 cum
1043 3420 1115 3485 adipe
1126 3421 1204 3483 suillo,
1217 3421 1266 3470 ltir·

142 3488 195 3538 eico
206 3505 236 3537 uc
248 3489 349 3550 taurino,
361 3490 394 3539 K.
413 3529 445 3537 -
464 3488 549 3553 ignem
561 3492 607 3538 ad.
625 3488 679 3537 item
691 3489 775 3553 quem,
786 3486 837 3553 βγ.
856 3529 887 3537 -
906 3497 930 3537 et
940 3488 1107 3551 oleo-aceto,
1119 3505 1170 3540 om.
1182 3506 1206 3539 a.

176 3573 191 3634 ξ
206 3579 261 3624 142.
279 3590 342 3636 uera,
355 3575 437 3624 omitt.
448 3575 502 3625 [td.
516 3616 546 3624 ..
565 3572 639 3622 ramea
652 3571 755 3634 laureae,
765 3590 788 3624 a.
806 3571 880 3621 ramis
893 3570 964 3635 brari,
974 3577 998 3624 d.
1016 3572 1083 3622 lauri
1092 3573 1174 3633 ramis,
1187 3575 1218 3624 Τ.
1233 3613 1265 3623 .-

143 3641 235 3690 teneria.
252 3639 320 3692 Adeo
330 3641 458 3705 peculiaris
470 3649 505 3707 est
516 3642 542 3690 iu
554 3642 610 3691 vire.
622 3641 659 3690 lter
670 3641 773 3705 effectae
786 3658 805 3691 r.
825 3681 856 3691 ..
875 3647 958 3702 uetere,
972 3643 996 3691 (1.
1015 3684 1046 3691 ..
1065 3640 1163 3705 reliquis
1175 3657 1190 3704 q
1238 3657 1267 3689 ue

143 3725 211 3771 quae,
224 3726 243 3757 r.
263 3749 294 3758 ..
312 3709 466 3771 aloesuucia,
479 3713 504 3760 d.
523 3751 553 3759 ..
572 3709 754 3775 generationem,
770 3701 798 3758 θ.
816 3708 975 3772 peraratione,
985 3713 1008 3760 d.
1047 3657 1265 3772 onerationesiiir.

150 3815 174 3822 -
194 3773 311 3838 impediri,
323 3793 346 3826 a.
364 3776 486 3841 impedire,
502 3770 552 3829 Od.
570 3819 602 3827 .-
621 3777 646 3825 iu
653 3776 780 3842 prq‘luur'o,
797 3769 867 3827 θεὰ.
887 3777 1012 3840 profluvio,
1024 3727 1053 3839 d.

177 3845 191 3905 5
206 3849 261 3892 14³.
281 3851 308 3890 ut
318 3844 460 3906 abstineant,
472 3846 504 3895 T.
523 3887 554 3895 ..
572 3844 742 3910 saupuieupam
755 3843 913 3906 exhauserim,
925 3847 998 3896 Tad.
1020 3844 1166 3908 sanquisupa
1177 3843 1265 3892 exhau

142 3905 247 3971 seritst.
268 3951 298 3958 -
322 3911 347 3958 iu
358 3927 501 3975 quocumque
511 3911 590 3975 simili,
602 3915 635 3964 K.
655 3954 686 3962 -
706 3919 843 3976 temperata,
856 3913 888 3963 K.
913 3907 1129 3975 temperataadss.

176 3997 262 4058 §ue
288 4010 350 4057 quae
361 4003 422 4054 eunt,
434 3997 466 4047 Τ.
488 4012 537 4058 qua
548 3999 646 4058 suntd.
674 3992 814 4060 quasaass.
838 3997 957 4049 Ceterum
969 4013 992 4044 v.
1004 3995 1123 4046 Dioscor.
1136 3999 1160 4054 3,
1173 3999 1213 4044 37.
1234 4036 1264 4044 ..

141 4059 296 4124 puleiodore‚
309 4062 457 4112 Cornanad
470 4064 585 4114 Dioscor.
598 4071 621 4124 3,
634 4071 674 4115 34.
688 4065 813 4115 etDalec.
839 4106 869 4114 -
897 4063 940 4124 ta,
954 4065 977 4112 d.
1003 4103 1032 4112 ..
1058 4060 1266 4126 elephantiasim

143 4127 231 4190 (codd.
245 4128 316 4192 Gel.)
335 4124 455 4192 elephanti
465 4129 532 4190 eraut,
544 4133 568 4180 (1.
589 4171 619 4180 ..
635 4139 751 4195 putorem,
764 4149 783 4182 r.
799 4130 921 4195 pudorem,
934 4126 1027 4194 adssy.
1196 4121 1200 4129 ’

177 4213 192 4274 ἓ
207 4221 262 4264 145.
290 4213 444 4277 bibunturque
463 4211 578 4263 aduam
597 4214 742 4279 samsonem
759 4213 807 4275 <ita
822 4219 868 4276 (1²,
895 4208 1042 4279 scorpionum
1057 4211 1122 4276 ad')
1143 4228 1195 4262 cum
1215 4211 1267 4262 sale

143 4280 193 4330 oleo
208 4289 232 4330 et
248 4280 284 4343 (et
296 4297 346 4333 om.
359 4279 388 4345 (1)
401 4288 475 4345 meto,
491 4280 545 4331 item
558 4279 672 4333 adrasus
683 4281 850 4347 smbpeudraa
867 4289 888 4332 st
901 4280 936 4346 (et
948 4297 998 4334 om.
1013 4279 1041 4345 (1)
1053 4281 1194 4346 repentium
1206 4279 1266 4333 ietus
