2896 4792
404 302 475 350 nm.
491 300 550 349 xx.
581 298 660 349 car.
675 301 722 347 vr.
738 299 800 346 vn.
830 298 927 346 sncr.
943 269 1026 343 aas.
1207 279 1270 344 305

151 460 185 523 in
206 466 297 524 aceto
319 454 461 541 pondere
477 453 642 535 obolorum
664 452 774 529 dnum,
796 450 920 516 adiecto
941 470 1043 533 aquae
1065 469 1130 514 nno
1145 448 1272 548 cyatho,

151 557 338 645 hydropicis
362 556 472 629 datur3
515 555 606 619 caule
632 565 665 619 et
690 552 775 618 foliis
803 550 986 628 contunsis,
1013 550 1168 637 adsparso
1196 551 1271 628 sale,

153 660 246 726 nervi
267 657 360 725 incisi
383 666 545 722 sanantur.
567 654 692 720 Eadem
715 654 790 719 trita
811 674 853 718 ex
880 662 986 729 aceto,
1014 652 1141 718 conluta
1166 661 1272 717 matu·

153 761 228 826 tinis
249 759 301 825 bis
322 780 442 837 mense,
465 757 609 821 dentium
632 756 775 822 dolorem
796 753 953 840 prohibet.
1306 748 1309 755 ’

195 863 247 928 25.
269 860 418 926 Alterum
451 868 501 924 est
532 879 636 944 genus
674 856 762 942 quod
804 853 924 921 Graeci
950 875 1109 940 caesapon
1138 864 1272 934 vocant3
1286 869 1319 913 aa

151 963 247 1029 huius
274 961 350 1027 folia
377 959 454 1024 trita
480 968 513 1024 et
541 980 614 1025 cum
635 958 766 1043 polenta
791 956 882 1020 inlita
902 956 1064 1022 ulceribus
1086 955 1272 1036 medentum

151 1063 230 1129 haec
257 1061 292 1126 in
319 1060 406 1126 arvis
433 1070 619 1126 nascuntur.
655 1058 801 1123 Tertium
828 1079 932 1146 genus
958 1055 993 1121 in
1020 1056 1110 1122 silvis
1137 1078 1273 1129 nascens

149 1166 243 1228 -ἰσάτιν
271 1171 402 1239 vocant3
428 1161 524 1225 huius
546 1160 623 1225 folia
645 1160 720 1224 trita
741 1181 815 1226 cum
835 1159 965 1244 polenta
992 1155 1178 1224 volneribus
1198 1180 1274 1245 pro·

153 1275 236 1330 sunt.
260 1261 388 1344 Quarto
410 1261 580 1328 infectores
602 1261 749 1327 lanarum
769 1269 906 1325 utuntur
912 1283 922 1338 3
947 1257 1050 1324 simile
1065 1269 1133 1324 erat
1146 1258 1275 1345 lapatho

152 1363 291 1430 silvestri
316 1363 418 1441 foliis,
451 1360 516 1427 nisi
544 1361 638 1447 plura
664 1360 797 1426 haberet
826 1369 859 1426 et
885 1359 1037 1446 nigriora.
1074 1356 1274 1444 Sanguinem

155 1465 249 1544 sistit,
267 1463 497 1551 phagedaenas
519 1472 551 1528 et
566 1461 783 1548 putrescentia
803 1461 912 1526 ulcera
926 1481 1009 1545 quae
1025 1471 1159 1546 serpunt
1172 1469 1275 1538 sanat,

154 1568 232 1632 item
254 1576 395 1632 tumores
417 1574 491 1629 ante
514 1562 799 1650 suppurationem
816 1572 926 1628 contra
946 1561 1056 1650 ignem
1077 1580 1203 1626 sacrum
1221 1579 1275 1624 ra-

154 1668 226 1733 dice
255 1668 308 1732 vel
340 1664 424 1732 loliis
451 1665 585 1751 prodest
612 1664 664 1730 vel
691 1664 732 1729 ad
757 1663 860 1728 lienes
890 1672 976 1749 pota.
1024 1661 1118 1727 Haec
1142 1657 1275 1748 propria

154 1755 300 1854 singulis.
1143 1762 1148 1771 ’

196 1868 247 1932 26.
271 1863 452 1931 Conmunia
467 1876 573 1932 autem
596 1876 708 1952 sponte
723 1863 932 1932 nascentibus
953 1864 1084 1944 candor,
1108 1863 1208 1930 caulis
1222 1863 1274 1929 in-
1288 1879 1321 1924 oo

153 1969 278 2035 tendum
293 1962 425 2032 cubitali
438 1966 638 2054 longitndine
653 1976 685 2032 et
706 1966 816 2051 thyrso
831 1978 865 2031 et
877 1965 963 2032 foliis
978 1965 1138 2032 scabritia.
1160 1965 1213 2029 Ex
1223 1964 1275 2032 hie

151 2069 288 2136 rotunda
311 2067 386 2134 folia
407 2078 440 2133 et
460 2068 571 2134 brevia
590 2065 762 2134 habentem
785 2078 859 2134 sunt
881 2068 937 2151 qui
965 2067 1129 2134 hieracion
1148 2077 1274 2146 vocent,
1368 2148 1371 2156 ¹

150 2172 300 2255 quoniam
323 2168 491 2254 accipitres
514 2169 686 2255 scalpendo
708 2191 780 2234 eam
802 2191 942 2254 sucoque
965 2170 1075 2235 oculos
1097 2165 1275 2254 tinguendo
1341 2166 1345 2171 ’

152 2271 388 2349 obscuritatem,
399 2293 473 2336 cum
484 2292 623 2348 sensere,
633 2270 817 2336 discutiunt.
831 2267 937 2336 Sucus
948 2269 1095 2337 omnibus
1107 2267 1274 2349 candidus,
1288 2282 1317 2328 61

151 2371 275 2436 viribus
297 2391 424 2454 quoque
446 2372 600 2457 papaveri
623 2371 751 2447 similis3
780 2371 923 2456 carpitur
949 2392 1009 2455 per
1037 2370 1152 2436 messis
1173 2369 1275 2435 inciso

153 2471 255 2548 caule,
271 2470 419 2536 conditur
433 2470 524 2536 fictili
544 2491 638 2547 novo,
662 2470 704 2534 ad
718 2470 819 2535 multa
835 2470 1019 2556 praeclarus
1027 2494 1036 2546 3
1060 2481 1152 2536 sanat
1167 2468 1275 2535 omnia

152 2563 415 2639 oculorum'vitia
438 2593 510 2636 cum
532 2571 614 2636 lacte
635 2571 819 2648 mulierum,
842 2594 989 2659 argema,
1012 2570 1203 2648 nubeculas,
1225 2570 1273 2636 ci·

152 2673 287 2738 catrices
308 2671 558 2756 adustionesque
579 2671 693 2751 omnis,
716 2672 888 2759 praecipue
911 2672 1083 2758 caligines,
1106 2670 1273 2758 inponitur

153 2772 250 2838 etiam
271 2772 373 2837 oculis
400 2772 435 2837 in
463 2773 537 2839 lana
565 2782 677 2838 contra
704 2771 885 2860 epiphoras.
921 2773 1014 2838 Idem
1044 2793 1140 2839 sucus
1166 2772 1273 2838 alvom
1285 2785 1317 2831 ⁶²

149 2884 270 2960 purgat
290 2871 325 2938 in
345 2887 451 2959 posca
471 2862 567 2960 potus
594 2873 636 2939 ad
663 2873 745 2940 duos
774 2873 903 2951 obolos3
932 2874 1130 2962 serpentium
1155 2872 1272 2939 ictibus

182 3050 250 3111 559.
274 3063 400 3111 caesapon,
420 3039 468 3096 Oa
495 3062 611 3112 ceramon,
626 3047 724 3112 Appul.
747 3062 855 3112 spurca
867 3049 920 3100 Τὰ.
944 3063 1036 3112 copon,
1048 3042 1078 3110 β.
1097 3088 1129 3098 ..
1146 3045 1271 3110 uberibus,

149 3118 192 3165 ad.
218 3113 359 3176 miserebat,
373 3128 392 3179 y
406 3115 468 3164 nitio
485 3129 627 3179 operarum.
645 3156 676 3166 ..
704 3113 757 3177 tae,
772 3132 793 3167 r.
812 3157 844 3167 ..
871 3123 1007 3178 amnentur,
1023 3131 1046 3165 a.
1072 3114 1234 3178 incurrantur,
1250 3132 1270 3166 r.

149 3183 290 3240 notamen
320 3196 345 3247 y.
365 3221 396 3230 ..
422 3197 503 3245 penes,
519 3183 595 3234 Tad.
619 3198 694 3246 qenes
705 3189 748 3244 eat,
763 3178 815 3248 βγ.
834 3224 866 3234 ..
888 3182 991 3233 taaleni
1001 3194 1107 3246 nasama,
1124 3199 1175 3234 cm.
1187 3185 1218 3233 T.
1236 3222 1270 3235 .-

150 3242 273 3297 lcoAT!
299 3248 421 3313 ,Appul
445 3248 576 3312 yeota‘m,d.
603 3249 726 3310 rtatim.
751 3251 1105 3316 sylveaan,eodd.13arbau.
1131 3249 1270 3315 sylvaticum

148 3315 233 3376 botin,
250 3316 355 3366 Barbar.
382 3356 414 3364 -
444 3323 551 3370 utantur.
572 3308 665 3366 onan
681 3315 784 3379 (omnes
801 3320 875 3368 codd.
890 3318 997 3370 Barbari
1013 3325 1039 3368 ct
1054 3317 1171 3368 salmasii
1188 3333 1270 3369 exerc.

148 3399 172 3446 p.
188 3388 243 3433 180.
256 3400 278 3434 a.
291 3380 338 3443 D.)
365 3389 473 3443 eantar,
490 3380 555 3445 quod
566 3381 669 3446 planctum
687 3391 778 3445 vocam,
793 3386 897 3436 Barbar.
914 3380 944 3447 β.
966 3426 998 3436 -
1024 3383 1101 3434 simile
1117 3393 1176 3447 erut,
1194 3388 1269 3436 codd.

147 3452 260 3501 Barbari.
282 3447 369 3500 cimilia
380 3456 440 3508 erat,
453 3451 477 3500 d.
499 3447 616 3512 similiter,
629 3467 651 3501 a
671 3491 703 3500 ..
720 3451 849 3515 aiaiplarc
860 3451 963 3514 luberet,
978 3445 1057 3503 θΤᾱ.
1079 3452 1127 3502 athi
1133 3451 1216 3518 plnres
1226 3453 1270 3503 tc·

150 3519 218 3578 beret,
230 3534 254 3568 a.
272 3518 321 3567 nat
330 3515 395 3580 qaod
401 3514 477 3581 pluro
488 3515 566 3579 habet,
578 3512 607 3578 β.
621 3557 652 3567 ..
671 3515 815 3583 Sanqca'm
823 3518 1016 3581 amdtDioscor.
1027 3526 1051 3582 2,
1060 3526 1118 3570 ala.
1132 3562 1163 3570 -
1182 3519 1270 3584 uben,

147 3602 169 3634 a.
196 3584 338 3647 ennead.
362 3627 393 3635 -
420 3600 524 3648 quoae.
550 3592 594 3634 cat
609 3600 678 3648 qaue,
691 3588 714 3636 d.
741 3594 764 3634 et
779 3588 893 3650 paceii.
917 3628 949 3638 ..
976 3595 1067 3649 contra,
1079 3589 1161 3639 omitt.
1174 3591 1218 3639 ad.
1237 3628 1289 3646 ,,

144 3660 212 3714 pote,
225 3651 299 3703 Tad.
313 3659 380 3716 pota,
392 3652 425 3702 K.
438 3653 496 3704 Om.
508 3647 537 3714 β.

181 3722 196 3782 §
209 3725 249 3770 to.
268 3718 378 3781 condere,
390 3721 435 3770 ad.
454 3759 485 3768 ..
510 3718 596 3784 thyrso,
608 3735 628 3770 r.
651 3719 710 3784 ilino,
723 3736 739 3770 a
750 3718 836 3782 (codd.
849 3719 920 3786 (iel.)
941 3722 966 3771 a'n
977 3722 1036 3789 icae,
1048 3723 1080 3774 K.
1103 3723 1161 3786 ipse,
1172 3726 1197 3773 d.
1215 3721 1269 3786 ipsi,

146 3785 219 3835 Brut.
235 3801 260 3849 γ.
279 3826 311 3834 ..
337 3785 455 3835 iterumn
472 3787 632 3838 scribendum
649 3787 698 3837 luit
713 3803 747 3838 ex
761 3789 860 3853 Appnl.
877 3805 902 3854 p.
915 3796 985 3853 290„
1008 3792 1051 3854 qui
1069 3806 1129 3843 casn
1145 3791 1268 3842 nominat.

147 3849 264 3900 lierncr'm
278 3854 363 3902 habet.
389 3850 524 3914 hieronem,
540 3856 629 3906 Dalcc.
646 3870 679 3905 ex
694 3855 824 3921 Appuleio
841 3857 873 3907 de
885 3859 974 3909 medic.
986 3859 1055 3909 herb.
1068 3864 1109 3908 ³1.
1132 3856 1269 3920 temtum,

148 3912 198 3968 Od.
217 3917 376 3978 ermleum,a.
400 3917 537 3984 hieroclem,
548 3918 599 3987 βγ.
618 3963 649 3972 -
673 3939 769 3988 eumque
780 3927 952 3990 aeco‚Appnl.
970 3967 1002 3976 ..
1025 3923 1158 3989 linquendo,
1170 3925 1268 3990 Appul.

148 3984 265 4049 tingendo,
277 3988 314 4036 ad
319 3980 341 4045 β
345 3999 370 4049 r.
389 3985 503 4049 nocenda
514 4005 534 4038 r.
553 4029 584 4039 -
603 3987 737 4054 decutiunt,
749 3991 847 4058 Appul.
865 3991 1001 4053 demetant,
1013 3988 1106 4056 adssy.

181 4056 195 4116 §
209 4059 250 4103 61.
268 4067 359 4116 qaoque
367 4053 493 4116 papaveri,
504 4057 548 4105 ad.
571 4055 654 4119 pens
662 4074 779 4122 papaver,
790 4077 811 4110 r.
830 4099 860 4110 ..
877 4057 961 4124 fictili,
974 4061 1019 4109 ad.
1043 4058 1154 4121 infictilt,
1165 4054 1215 4124 βγ.
1235 4100 1267 4111 ..

147 4136 257 4237 argrimi}
265 4117 680 4241 nubecc‘plplebnzibnpulcp'llfflzioscor}
688 4131 901 4257 afflrpqemo
909 4125 1040 4189 concedar,
1052 4142 1075 4176 a.
1093 4142 1189 4176 arcena
1199 4127 1267 4179 aehi-

146 4204 174 4236 ca
213 4225 219 4249 ,
258 4204 299 4238 ,a
525 4225 532 4251 ,
591 4206 706 4242 .croan
815 4231 822 4256 ,
856 4227 862 4244 .

177 4257 253 4306 Peru.
271 4255 320 4306 111.
342 4276 345 4282 ·
531 4269 537 4277 ·
1023 4258 1065 4322 20

390 4381 401 4410 Ι
