<?xml version="1.0" encoding="UTF-8"?>
<!DOCTYPE html PUBLIC "-//W3C//DTD XHTML 1.0 Transitional//EN"
    "http://www.w3.org/TR/xhtml1/DTD/xhtml1-transitional.dtd">
<html xmlns="http://www.w3.org/1999/xhtml" xml:lang="en" lang="en">
 <head>
  <title>
</title>
<meta http-equiv="Content-Type" content="text/html;charset=utf-8" />
  <meta name='ocr-system' content='tesseract 3.04.00' />
  <meta name='ocr-capabilities' content='ocr_page ocr_carea ocr_par ocr_line ocrx_word'/>
</head>
<body>
  <div class='ocr_page' id='page_1' title='image "./cplinisecundina11plingoog_0108.png"; bbox 0 0 2896 4792; ppageno 0'>
   <div class='ocr_carea' id='block_1_1' title="bbox 355 279 1278 342">
    <p class='ocr_par' dir='ltr' id='par_1_1' title="bbox 355 279 1278 342">
     <span class='ocr_line' id='line_1_1' title="bbox 355 279 1278 342; baseline 0.002 -3"><span class='ocrx_word' id='word_1_1' title='bbox 355 290 426 341; x_wconf 80' lang='lat' dir='ltr'>nm.</span> <span class='ocrx_word' id='word_1_2' title='bbox 442 292 531 341; x_wconf 79' lang='lat' dir='ltr'>nvn.</span> <span class='ocrx_word' id='word_1_3' title='bbox 560 292 859 342; x_wconf 77' lang='lat' dir='ltr'>cas.xv11.xvnr.</span> <span class='ocrx_word' id='word_1_4' title='bbox 888 291 985 339; x_wconf 83' lang='lat' dir='ltr'>sacr.</span> <span class='ocrx_word' id='word_1_5' title='bbox 1001 294 1083 337; x_wconf 63' lang='lat' dir='ltr'>aaa</span> <span class='ocrx_word' id='word_1_6' title='bbox 1221 279 1278 341; x_wconf 90' lang='grc'>101</span> 
     </span>
    </p>
   </div>
   <div class='ocr_carea' id='block_1_2' title="bbox 124 442 1446 2656">
    <p class='ocr_par' dir='ltr' id='par_1_2' title="bbox 145 442 1343 1644">
     <span class='ocr_line' id='line_1_2' title="bbox 201 442 1343 531; baseline -0.005 -19"><span class='ocrx_word' id='word_1_7' title='bbox 201 445 253 513; x_wconf 85' lang='grc'>30.</span> <span class='ocrx_word' id='word_1_8' title='bbox 277 442 314 511; x_wconf 89' lang='lat' dir='ltr'>Si</span> <span class='ocrx_word' id='word_1_9' title='bbox 337 444 411 530; x_wconf 90' lang='lat' dir='ltr'>quis</span> <span class='ocrx_word' id='word_1_10' title='bbox 430 454 575 529; x_wconf 88' lang='lat' dir='ltr'>quaerat,</span> <span class='ocrx_word' id='word_1_11' title='bbox 598 445 685 528; x_wconf 93' lang='lat' dir='ltr'>quod</span> <span class='ocrx_word' id='word_1_12' title='bbox 707 455 835 529; x_wconf 90' lang='lat' dir='ltr'>tempus</span> <span class='ocrx_word' id='word_1_13' title='bbox 849 444 938 509; x_wconf 89' lang='lat' dir='ltr'>oleae</span> <span class='ocrx_word' id='word_1_14' title='bbox 955 443 1110 508; x_wconf 80' lang='lat' dir='ltr'>serendae</span> <span class='ocrx_word' id='word_1_15' title='bbox 1127 444 1178 522; x_wconf 90' lang='lat' dir='ltr'>sit,</span> <span class='ocrx_word' id='word_1_16' title='bbox 1202 466 1280 531; x_wconf 83' lang='lat' dir='ltr'>agro</span> <span class='ocrx_word' id='word_1_17' title='bbox 1296 461 1343 508; x_wconf 79' lang='lat' dir='ltr'>lat</span> 
     </span>
     <span class='ocr_line' id='line_1_3' title="bbox 158 542 1281 633; baseline -0.004 -19"><span class='ocrx_word' id='word_1_18' title='bbox 158 547 245 615; x_wconf 84' lang='lat' dir='ltr'>sicco</span> <span class='ocrx_word' id='word_1_19' title='bbox 257 569 316 633; x_wconf 88' lang='lat' dir='ltr'>per</span> <span class='ocrx_word' id='word_1_20' title='bbox 330 556 518 624; x_wconf 82' lang='lat' dir='ltr'>sementem,</span> <span class='ocrx_word' id='word_1_21' title='bbox 541 568 621 633; x_wconf 80' lang='lat' dir='ltr'>agro</span> <span class='ocrx_word' id='word_1_22' title='bbox 634 545 718 610; x_wconf 87' lang='lat' dir='ltr'>laeto</span> <span class='ocrx_word' id='word_1_23' title='bbox 733 567 791 631; x_wconf 89' lang='lat' dir='ltr'>per</span> <span class='ocrx_word' id='word_1_24' title='bbox 806 543 872 611; x_wconf 71' lang='lat' dir='ltr'>ier.</span> <span class='ocrx_word' id='word_1_25' title='bbox 903 542 1093 623; x_wconf 89' lang='lat' dir='ltr'>„Olivetum</span> <span class='ocrx_word' id='word_1_26' title='bbox 1108 544 1223 610; x_wconf 91' lang='lat' dir='ltr'>diebus</span> <span class='ocrx_word' id='word_1_27' title='bbox 1233 567 1281 609; x_wconf 83' lang='lat' dir='ltr'>xv</span> 
     </span>
     <span class='ocr_line' id='line_1_4' title="bbox 157 645 1282 731; baseline -0.004 -16"><span class='ocrx_word' id='word_1_28' title='bbox 157 658 231 715; x_wconf 87' lang='lat' dir='ltr'>ante</span> <span class='ocrx_word' id='word_1_29' title='bbox 252 645 489 731; x_wconf 73' lang='lat' dir='ltr'>aequinoctium</span> <span class='ocrx_word' id='word_1_30' title='bbox 509 668 643 711; x_wconf 88' lang='lat' dir='ltr'>vernum</span> <span class='ocrx_word' id='word_1_31' title='bbox 664 645 796 731; x_wconf 88' lang='lat' dir='ltr'>incipito</span> <span class='ocrx_word' id='word_1_32' title='bbox 818 657 949 731; x_wconf 87' lang='lat' dir='ltr'>putare3</span> <span class='ocrx_word' id='word_1_33' title='bbox 973 667 1013 710; x_wconf 86' lang='lat' dir='ltr'>ex</span> <span class='ocrx_word' id='word_1_34' title='bbox 1034 668 1072 711; x_wconf 91' lang='lat' dir='ltr'>eo</span> <span class='ocrx_word' id='word_1_35' title='bbox 1087 645 1143 712; x_wconf 72' lang='lat' dir='ltr'>die</span> <span class='ocrx_word' id='word_1_36' title='bbox 1155 646 1224 713; x_wconf 92' lang='lat' dir='ltr'>dies</span> <span class='ocrx_word' id='word_1_37' title='bbox 1238 669 1282 711; x_wconf 77' lang='lat' dir='ltr'>xa</span> 
     </span>
     <span class='ocr_line' id='line_1_5' title="bbox 151 728 1281 836; baseline -0.003 -19"><span class='ocrx_word' id='word_1_38' title='bbox 151 728 244 817; x_wconf 64' lang='lat' dir='ltr'>recte</span> <span class='ocrx_word' id='word_1_39' title='bbox 264 747 404 836; x_wconf 85' lang='lat' dir='ltr'>putabis.</span> <span class='ocrx_word' id='word_1_40' title='bbox 442 746 484 811; x_wconf 94' lang='lat' dir='ltr'>Id</span> <span class='ocrx_word' id='word_1_41' title='bbox 510 747 570 814; x_wconf 86' lang='lat' dir='ltr'>hoc</span> <span class='ocrx_word' id='word_1_42' title='bbox 595 747 690 812; x_wconf 91' lang='lat' dir='ltr'>modo</span> <span class='ocrx_word' id='word_1_43' title='bbox 717 757 847 833; x_wconf 87' lang='lat' dir='ltr'>putato:</span> <span class='ocrx_word' id='word_1_44' title='bbox 885 769 949 831; x_wconf 89' lang='lat' dir='ltr'>qua</span> <span class='ocrx_word' id='word_1_45' title='bbox 969 749 1062 812; x_wconf 87' lang='lat' dir='ltr'>locus</span> <span class='ocrx_word' id='word_1_46' title='bbox 1083 757 1169 812; x_wconf 87' lang='lat' dir='ltr'>recte</span> <span class='ocrx_word' id='word_1_47' title='bbox 1190 747 1281 814; x_wconf 85' lang='lat' dir='ltr'>ferax</span> 
     </span>
     <span class='ocr_line' id='line_1_6' title="bbox 157 847 1280 938; baseline -0.003 -20"><span class='ocrx_word' id='word_1_48' title='bbox 157 851 228 931; x_wconf 87' lang='lat' dir='ltr'>erit,</span> <span class='ocrx_word' id='word_1_49' title='bbox 260 872 345 934; x_wconf 89' lang='lat' dir='ltr'>quae</span> <span class='ocrx_word' id='word_1_50' title='bbox 373 848 465 914; x_wconf 86' lang='lat' dir='ltr'>arida</span> <span class='ocrx_word' id='word_1_51' title='bbox 486 858 580 929; x_wconf 82' lang='lat' dir='ltr'>erunt</span> <span class='ocrx_word' id='word_1_52' title='bbox 602 859 636 927; x_wconf 80' lang='lat' dir='ltr'>et</span> <span class='ocrx_word' id='word_1_53' title='bbox 657 847 784 932; x_wconf 90' lang='lat' dir='ltr'>siquid</span> <span class='ocrx_word' id='word_1_54' title='bbox 805 858 921 913; x_wconf 89' lang='lat' dir='ltr'>ventus</span> <span class='ocrx_word' id='word_1_55' title='bbox 943 847 1170 938; x_wconf 73' lang='lat' dir='ltr'>interiregerit,</span> <span class='ocrx_word' id='word_1_56' title='bbox 1204 847 1280 915; x_wconf 90' lang='lat' dir='ltr'>inde</span> 
     </span>
     <span class='ocr_line' id='line_1_7' title="bbox 156 948 1277 1034; baseline -0.004 -15"><span class='ocrx_word' id='word_1_57' title='bbox 156 975 197 1019; x_wconf 88' lang='lat' dir='ltr'>sa</span> <span class='ocrx_word' id='word_1_58' title='bbox 223 950 331 1017; x_wconf 90' lang='lat' dir='ltr'>omnia</span> <span class='ocrx_word' id='word_1_59' title='bbox 359 949 506 1026; x_wconf 79' lang='lat' dir='ltr'>eximito3</span> <span class='ocrx_word' id='word_1_60' title='bbox 542 970 608 1034; x_wconf 89' lang='lat' dir='ltr'>qua</span> <span class='ocrx_word' id='word_1_61' title='bbox 634 949 725 1014; x_wconf 91' lang='lat' dir='ltr'>locus</span> <span class='ocrx_word' id='word_1_62' title='bbox 747 948 838 1014; x_wconf 82' lang='lat' dir='ltr'>ferax</span> <span class='ocrx_word' id='word_1_63' title='bbox 860 971 924 1013; x_wconf 91' lang='lat' dir='ltr'>non</span> <span class='ocrx_word' id='word_1_64' title='bbox 948 949 1020 1029; x_wconf 90' lang='lat' dir='ltr'>erit,</span> <span class='ocrx_word' id='word_1_65' title='bbox 1048 949 1081 1013; x_wconf 93' lang='lat' dir='ltr'>id</span> <span class='ocrx_word' id='word_1_66' title='bbox 1103 950 1178 1034; x_wconf 92' lang='lat' dir='ltr'>plus</span> <span class='ocrx_word' id='word_1_67' title='bbox 1200 971 1277 1032; x_wconf 87' lang='lat' dir='ltr'>eon-</span> 
     </span>
     <span class='ocr_line' id='line_1_8' title="bbox 154 1049 1279 1136; baseline -0.003 -17"><span class='ocrx_word' id='word_1_68' title='bbox 154 1053 254 1119; x_wconf 88' lang='lat' dir='ltr'>cidito</span> <span class='ocrx_word' id='word_1_69' title='bbox 285 1060 452 1135; x_wconf 85' lang='lat' dir='ltr'>artatoque</span> <span class='ocrx_word' id='word_1_70' title='bbox 484 1049 566 1115; x_wconf 86' lang='lat' dir='ltr'>bene</span> <span class='ocrx_word' id='word_1_71' title='bbox 609 1050 808 1134; x_wconf 89' lang='lat' dir='ltr'>enodatoque</span> <span class='ocrx_word' id='word_1_72' title='bbox 847 1049 1021 1136; x_wconf 80' lang='lat' dir='ltr'>stirpisque</span> <span class='ocrx_word' id='word_1_73' title='bbox 1059 1051 1139 1116; x_wconf 91' lang='lat' dir='ltr'>levis</span> <span class='ocrx_word' id='word_1_74' title='bbox 1171 1050 1279 1117; x_wconf 85' lang='lat' dir='ltr'>faeito.</span> 
     </span>
     <span class='ocr_line' id='line_1_9' title="bbox 157 1148 1279 1242; baseline -0.003 -22"><span class='ocrx_word' id='word_1_75' title='bbox 157 1151 292 1221; x_wconf 84' lang='lat' dir='ltr'>Circum</span> <span class='ocrx_word' id='word_1_76' title='bbox 313 1152 400 1217; x_wconf 89' lang='lat' dir='ltr'>oleas</span> <span class='ocrx_word' id='word_1_77' title='bbox 422 1152 634 1218; x_wconf 82' lang='lat' dir='ltr'>autumnitate</span> <span class='ocrx_word' id='word_1_78' title='bbox 655 1150 843 1236; x_wconf 89' lang='lat' dir='ltr'>ablaqueato</span> <span class='ocrx_word' id='word_1_79' title='bbox 865 1162 897 1216; x_wconf 89' lang='lat' dir='ltr'>et</span> <span class='ocrx_word' id='word_1_80' title='bbox 919 1162 1043 1218; x_wconf 89' lang='lat' dir='ltr'>stercus</span> <span class='ocrx_word' id='word_1_81' title='bbox 1065 1152 1183 1217; x_wconf 91' lang='lat' dir='ltr'>addito.</span> <span class='ocrx_word' id='word_1_82' title='bbox 1212 1148 1279 1242; x_wconf 76' lang='lat' dir='ltr'>Qui</span> 
     </span>
     <span class='ocr_line' id='line_1_10' title="bbox 154 1253 1278 1341; baseline 0 -22"><span class='ocrx_word' id='word_1_83' title='bbox 154 1253 309 1341; x_wconf 71' lang='lat' dir='ltr'>olivetum</span> <span class='ocrx_word' id='word_1_84' title='bbox 331 1253 518 1340; x_wconf 83' lang='lat' dir='ltr'>saepissime</span> <span class='ocrx_word' id='word_1_85' title='bbox 540 1264 573 1318; x_wconf 92' lang='lat' dir='ltr'>et</span> <span class='ocrx_word' id='word_1_86' title='bbox 594 1253 747 1319; x_wconf 79' lang='lat' dir='ltr'>altissime</span> <span class='ocrx_word' id='word_1_87' title='bbox 769 1253 926 1332; x_wconf 80' lang='lat' dir='ltr'>miscebit,</span> <span class='ocrx_word' id='word_1_88' title='bbox 947 1255 976 1319; x_wconf 90' lang='lat' dir='ltr'>is</span> <span class='ocrx_word' id='word_1_89' title='bbox 999 1253 1203 1320; x_wconf 86' lang='lat' dir='ltr'>tenuissimas</span> <span class='ocrx_word' id='word_1_90' title='bbox 1224 1276 1278 1319; x_wconf 88' lang='lat' dir='ltr'>ra-</span> 
     </span>
     <span class='ocr_line' id='line_1_11' title="bbox 145 1353 1278 1450; baseline 0.001 -29"><span class='ocrx_word' id='word_1_91' title='bbox 145 1355 244 1450; x_wconf 35' lang='lat' dir='ltr'>·dices</span> <span class='ocrx_word' id='word_1_92' title='bbox 266 1353 411 1421; x_wconf 84' lang='lat' dir='ltr'>exarabit</span> <span class='ocrx_word' id='word_1_93' title='bbox 417 1378 427 1431; x_wconf 92' lang='lat'>;</span> <span class='ocrx_word' id='word_1_94' title='bbox 451 1355 477 1421; x_wconf 93' lang='lat' dir='ltr'>si</span> <span class='ocrx_word' id='word_1_95' title='bbox 498 1355 581 1420; x_wconf 90' lang='lat' dir='ltr'>male</span> <span class='ocrx_word' id='word_1_96' title='bbox 602 1354 716 1434; x_wconf 88' lang='lat' dir='ltr'>arabit,</span> <span class='ocrx_word' id='word_1_97' title='bbox 739 1355 863 1420; x_wconf 81' lang='lat' dir='ltr'>radices</span> <span class='ocrx_word' id='word_1_98' title='bbox 879 1377 1007 1420; x_wconf 89' lang='lat' dir='ltr'>sursum</span> <span class='ocrx_word' id='word_1_99' title='bbox 1021 1354 1165 1434; x_wconf 90' lang='lat' dir='ltr'>abibunt,</span> <span class='ocrx_word' id='word_1_100' title='bbox 1189 1378 1278 1422; x_wconf 89' lang='lat' dir='ltr'>cras·</span> 
     </span>
     <span class='ocr_line' id='line_1_12' title="bbox 154 1454 1341 1544; baseline -0.005 -22"><span class='ocrx_word' id='word_1_101' title='bbox 154 1455 256 1522; x_wconf 87' lang='lat' dir='ltr'>siores</span> <span class='ocrx_word' id='word_1_102' title='bbox 276 1456 356 1522; x_wconf 83' lang='lat' dir='ltr'>fient</span> <span class='ocrx_word' id='word_1_103' title='bbox 377 1467 410 1521; x_wconf 92' lang='lat' dir='ltr'>et</span> <span class='ocrx_word' id='word_1_104' title='bbox 431 1477 470 1522; x_wconf 92' lang='lat' dir='ltr'>eo</span> <span class='ocrx_word' id='word_1_105' title='bbox 491 1455 525 1520; x_wconf 92' lang='lat' dir='ltr'>in</span> <span class='ocrx_word' id='word_1_106' title='bbox 547 1455 672 1521; x_wconf 80' lang='lat' dir='ltr'>radices</span> <span class='ocrx_word' id='word_1_107' title='bbox 694 1455 780 1521; x_wconf 89' lang='lat' dir='ltr'>vires</span> <span class='ocrx_word' id='word_1_108' title='bbox 801 1455 889 1521; x_wconf 91' lang='lat' dir='ltr'>oleae</span> <span class='ocrx_word' id='word_1_109' title='bbox 911 1454 1080 1521; x_wconf 88' lang='lat' dir='ltr'>abibunt.&#39;&#39;</span> <span class='ocrx_word' id='word_1_110' title='bbox 1104 1454 1198 1538; x_wconf 81' lang='lat' dir='ltr'>Quae</span> <span class='ocrx_word' id='word_1_111' title='bbox 1219 1479 1277 1544; x_wconf 82' lang='lat' dir='ltr'>ge·</span> <span class='ocrx_word' id='word_1_112' title='bbox 1294 1473 1341 1518; x_wconf 81' lang='lat' dir='ltr'>las</span> 
     </span>
     <span class='ocr_line' id='line_1_13' title="bbox 154 1557 1278 1644; baseline 0.002 -22"><span class='ocrx_word' id='word_1_113' title='bbox 154 1579 232 1623; x_wconf 90' lang='lat' dir='ltr'>nera</span> <span class='ocrx_word' id='word_1_114' title='bbox 259 1557 400 1623; x_wconf 87' lang='lat' dir='ltr'>olearum</span> <span class='ocrx_word' id='word_1_115' title='bbox 428 1566 460 1622; x_wconf 91' lang='lat' dir='ltr'>et</span> <span class='ocrx_word' id='word_1_116' title='bbox 486 1557 520 1621; x_wconf 93' lang='lat' dir='ltr'>in</span> <span class='ocrx_word' id='word_1_117' title='bbox 548 1579 613 1640; x_wconf 90' lang='lat' dir='ltr'>quo</span> <span class='ocrx_word' id='word_1_118' title='bbox 639 1579 758 1644; x_wconf 83' lang='lat' dir='ltr'>genere</span> <span class='ocrx_word' id='word_1_119' title='bbox 785 1567 888 1623; x_wconf 91' lang='lat' dir='ltr'>terrae</span> <span class='ocrx_word' id='word_1_120' title='bbox 916 1557 1042 1623; x_wconf 92' lang='lat' dir='ltr'>iuberet</span> <span class='ocrx_word' id='word_1_121' title='bbox 1063 1559 1127 1623; x_wconf 90' lang='lat' dir='ltr'>seri</span> <span class='ocrx_word' id='word_1_122' title='bbox 1149 1579 1278 1643; x_wconf 86' lang='lat' dir='ltr'>quoqne</span> 
     </span>
    </p>

    <p class='ocr_par' dir='ltr' id='par_1_3' title="bbox 124 1657 1446 2656">
     <span class='ocr_line' id='line_1_14' title="bbox 124 1657 1279 1747; baseline 0 -22"><span class='ocrx_word' id='word_1_123' title='bbox 124 1690 128 1701; x_wconf 94' lang='lat'>·</span> <span class='ocrx_word' id='word_1_124' title='bbox 155 1669 301 1746; x_wconf 90' lang='lat' dir='ltr'>spectare</span> <span class='ocrx_word' id='word_1_125' title='bbox 322 1658 452 1738; x_wconf 90' lang='lat' dir='ltr'>oliveta,</span> <span class='ocrx_word' id='word_1_126' title='bbox 487 1659 628 1724; x_wconf 85' lang='lat' dir='ltr'>diximus</span> <span class='ocrx_word' id='word_1_127' title='bbox 657 1658 692 1722; x_wconf 93' lang='lat' dir='ltr'>in</span> <span class='ocrx_word' id='word_1_128' title='bbox 713 1658 835 1723; x_wconf 88' lang='lat' dir='ltr'>ratione</span> <span class='ocrx_word' id='word_1_129' title='bbox 857 1658 928 1723; x_wconf 93' lang='lat' dir='ltr'>olei.</span> <span class='ocrx_word' id='word_1_130' title='bbox 966 1657 1067 1747; x_wconf 84' lang='lat' dir='ltr'>Mago</span> <span class='ocrx_word' id='word_1_131' title='bbox 1089 1660 1123 1724; x_wconf 93' lang='lat' dir='ltr'>in</span> <span class='ocrx_word' id='word_1_132' title='bbox 1144 1658 1279 1725; x_wconf 88' lang='lat' dir='ltr'>collect</span> 
     </span>
     <span class='ocr_line' id='line_1_15' title="bbox 153 1759 1277 1848; baseline 0.001 -23"><span class='ocrx_word' id='word_1_133' title='bbox 153 1760 250 1826; x_wconf 82' lang='lat' dir='ltr'>siccis</span> <span class='ocrx_word' id='word_1_134' title='bbox 270 1770 302 1826; x_wconf 88' lang='lat' dir='ltr'>et</span> <span class='ocrx_word' id='word_1_135' title='bbox 323 1759 438 1848; x_wconf 83' lang='lat' dir='ltr'>argilla</span> <span class='ocrx_word' id='word_1_136' title='bbox 458 1760 541 1825; x_wconf 88' lang='lat' dir='ltr'>inter</span> <span class='ocrx_word' id='word_1_137' title='bbox 562 1770 752 1824; x_wconf 84' lang='lat' dir='ltr'>autumnum</span> <span class='ocrx_word' id='word_1_138' title='bbox 775 1769 808 1824; x_wconf 93' lang='lat' dir='ltr'>et</span> <span class='ocrx_word' id='word_1_139' title='bbox 835 1759 980 1824; x_wconf 91' lang='lat' dir='ltr'>brumam</span> <span class='ocrx_word' id='word_1_140' title='bbox 1009 1760 1073 1825; x_wconf 90' lang='lat' dir='ltr'>seri</span> <span class='ocrx_word' id='word_1_141' title='bbox 1099 1760 1212 1840; x_wconf 89' lang='lat' dir='ltr'>iussit,</span> <span class='ocrx_word' id='word_1_142' title='bbox 1244 1760 1277 1826; x_wconf 91' lang='lat' dir='ltr'>in</span> 
     </span>
     <span class='ocr_line' id='line_1_16' title="bbox 153 1860 1276 1947; baseline -0.002 -19"><span class='ocrx_word' id='word_1_143' title='bbox 153 1884 263 1928; x_wconf 83' lang='lat' dir='ltr'>crasso</span> <span class='ocrx_word' id='word_1_144' title='bbox 291 1872 347 1925; x_wconf 91' lang='lat' dir='ltr'>aut</span> <span class='ocrx_word' id='word_1_145' title='bbox 374 1861 484 1928; x_wconf 93' lang='lat' dir='ltr'>umido</span> <span class='ocrx_word' id='word_1_146' title='bbox 514 1872 571 1927; x_wconf 90' lang='lat' dir='ltr'>aut</span> <span class='ocrx_word' id='word_1_147' title='bbox 597 1861 753 1947; x_wconf 85' lang='lat' dir='ltr'>subriguo</span> <span class='ocrx_word' id='word_1_148' title='bbox 782 1861 849 1926; x_wconf 91' lang='lat' dir='ltr'>solo</span> <span class='ocrx_word' id='word_1_149' title='bbox 875 1885 895 1925; x_wconf 92' lang='lat' dir='ltr'>a</span> <span class='ocrx_word' id='word_1_150' title='bbox 923 1883 1029 1927; x_wconf 90' lang='lat' dir='ltr'>messe</span> <span class='ocrx_word' id='word_1_151' title='bbox 1055 1862 1097 1926; x_wconf 90' lang='lat' dir='ltr'>ad</span> <span class='ocrx_word' id='word_1_152' title='bbox 1118 1860 1276 1942; x_wconf 86' lang='lat' dir='ltr'>brumam,</span> 
     </span>
     <span class='ocr_line' id='line_1_17' title="bbox 150 1962 1277 2050; baseline 0 -22"><span class='ocrx_word' id='word_1_153' title='bbox 150 1962 240 2047; x_wconf 86' lang='lat' dir='ltr'>quod</span> <span class='ocrx_word' id='word_1_154' title='bbox 265 1963 470 2049; x_wconf 81' lang='lat' dir='ltr'>praecepisse</span> <span class='ocrx_word' id='word_1_155' title='bbox 503 1985 577 2028; x_wconf 91' lang='lat' dir='ltr'>eum</span> <span class='ocrx_word' id='word_1_156' title='bbox 605 1963 738 2028; x_wconf 87' lang='lat' dir='ltr'>Africae</span> <span class='ocrx_word' id='word_1_157' title='bbox 769 1962 986 2050; x_wconf 83' lang='lat' dir='ltr'>intellegitur3</span> <span class='ocrx_word' id='word_1_158' title='bbox 1026 1963 1118 2028; x_wconf 90' lang='lat' dir='ltr'>Italia</span> <span class='ocrx_word' id='word_1_159' title='bbox 1146 1962 1277 2048; x_wconf 92' lang='lat' dir='ltr'>quidem</span> 
     </span>
     <span class='ocr_line' id='line_1_18' title="bbox 152 2064 1277 2149; baseline 0.001 -21"><span class='ocrx_word' id='word_1_160' title='bbox 152 2086 239 2131; x_wconf 87' lang='lat' dir='ltr'>nuno</span> <span class='ocrx_word' id='word_1_161' title='bbox 259 2087 335 2130; x_wconf 88' lang='lat' dir='ltr'>vere</span> <span class='ocrx_word' id='word_1_162' title='bbox 363 2086 514 2129; x_wconf 90' lang='lat' dir='ltr'>maxume</span> <span class='ocrx_word' id='word_1_163' title='bbox 542 2064 636 2144; x_wconf 90' lang='lat' dir='ltr'>serit,</span> <span class='ocrx_word' id='word_1_164' title='bbox 675 2064 731 2128; x_wconf 90' lang='lat' dir='ltr'>sed</span> <span class='ocrx_word' id='word_1_165' title='bbox 759 2064 787 2129; x_wconf 90' lang='lat' dir='ltr'>si</span> <span class='ocrx_word' id='word_1_166' title='bbox 814 2073 847 2130; x_wconf 91' lang='lat' dir='ltr'>et</span> <span class='ocrx_word' id='word_1_167' title='bbox 873 2074 1028 2130; x_wconf 91' lang='lat' dir='ltr'>autumno</span> <span class='ocrx_word' id='word_1_168' title='bbox 1055 2065 1169 2144; x_wconf 91' lang='lat' dir='ltr'>libeat,</span> <span class='ocrx_word' id='word_1_169' title='bbox 1202 2075 1277 2149; x_wconf 90' lang='lat' dir='ltr'>post</span> 
     </span>
     <span class='ocr_line' id='line_1_19' title="bbox 151 2163 1276 2252; baseline 0.004 -25"><span class='ocrx_word' id='word_1_170' title='bbox 151 2163 389 2248; x_wconf 85' lang='lat' dir='ltr'>aequinoctium</span> <span class='ocrx_word' id='word_1_171' title='bbox 418 2189 461 2230; x_wconf 83' lang='lat' dir='ltr'>xr.</span> <span class='ocrx_word' id='word_1_172' title='bbox 494 2164 610 2231; x_wconf 90' lang='lat' dir='ltr'>diebus</span> <span class='ocrx_word' id='word_1_173' title='bbox 642 2165 683 2230; x_wconf 88' lang='lat' dir='ltr'>ad</span> <span class='ocrx_word' id='word_1_174' title='bbox 711 2165 919 2252; x_wconf 85' lang='lat' dir='ltr'>vergiliarum</span> <span class='ocrx_word' id='word_1_175' title='bbox 946 2188 1097 2232; x_wconf 88' lang='lat' dir='ltr'>occasum</span> <span class='ocrx_word' id='word_1_176' title='bbox 1123 2176 1276 2250; x_wconf 89' lang='lat' dir='ltr'>quattuor</span> 
     </span>
     <span class='ocr_line' id='line_1_20' title="bbox 151 2262 1337 2355; baseline 0.003 -25"><span class='ocrx_word' id='word_1_177' title='bbox 151 2265 211 2331; x_wconf 91' lang='lat' dir='ltr'>soli</span> <span class='ocrx_word' id='word_1_178' title='bbox 233 2265 303 2331; x_wconf 93' lang='lat' dir='ltr'>dies</span> <span class='ocrx_word' id='word_1_179' title='bbox 324 2277 401 2331; x_wconf 89' lang='lat' dir='ltr'>sunt</span> <span class='ocrx_word' id='word_1_180' title='bbox 431 2265 549 2351; x_wconf 90' lang='lat' dir='ltr'>quibus</span> <span class='ocrx_word' id='word_1_181' title='bbox 572 2267 634 2333; x_wconf 91' lang='lat' dir='ltr'>seri</span> <span class='ocrx_word' id='word_1_182' title='bbox 656 2277 780 2332; x_wconf 89' lang='lat' dir='ltr'>noceat.</span> <span class='ocrx_word' id='word_1_183' title='bbox 825 2265 957 2333; x_wconf 86' lang='lat' dir='ltr'>Africae</span> <span class='ocrx_word' id='word_1_184' title='bbox 979 2268 1157 2355; x_wconf 87' lang='lat' dir='ltr'>peculiare,</span> <span class='ocrx_word' id='word_1_185' title='bbox 1187 2262 1274 2350; x_wconf 86' lang='lat' dir='ltr'>qnod</span> <span class='ocrx_word' id='word_1_186' title='bbox 1289 2282 1337 2327; x_wconf 75' lang='grc'>129</span> 
     </span>
     <span class='ocr_line' id='line_1_21' title="bbox 148 2364 1446 2453; baseline 0.002 -23"><span class='ocrx_word' id='word_1_187' title='bbox 148 2366 183 2430; x_wconf 91' lang='lat' dir='ltr'>in</span> <span class='ocrx_word' id='word_1_188' title='bbox 204 2366 343 2434; x_wconf 88' lang='lat' dir='ltr'>oleastro</span> <span class='ocrx_word' id='word_1_189' title='bbox 363 2369 492 2446; x_wconf 90' lang='lat' dir='ltr'>inserit,</span> <span class='ocrx_word' id='word_1_190' title='bbox 525 2369 664 2453; x_wconf 91' lang='lat' dir='ltr'>quadam</span> <span class='ocrx_word' id='word_1_191' title='bbox 691 2368 880 2434; x_wconf 86' lang='lat' dir='ltr'>aeternitate</span> <span class='ocrx_word' id='word_1_192' title='bbox 903 2391 976 2434; x_wconf 92' lang='lat' dir='ltr'>cum</span> <span class='ocrx_word' id='word_1_193' title='bbox 1002 2380 1171 2434; x_wconf 88' lang='lat' dir='ltr'>senescant</span> <span class='ocrx_word' id='word_1_194' title='bbox 1197 2390 1273 2453; x_wconf 91' lang='lat' dir='ltr'>pro·</span> <span class='ocrx_word' id='word_1_195' title='bbox 1442 2364 1446 2370; x_wconf 71' lang='grc'><strong>’</strong></span> 
     </span>
     <span class='ocr_line' id='line_1_22' title="bbox 149 2468 1273 2556; baseline -0.001 -23"><span class='ocrx_word' id='word_1_196' title='bbox 149 2489 248 2534; x_wconf 86' lang='lat' dir='ltr'>xnma</span> <span class='ocrx_word' id='word_1_197' title='bbox 269 2469 436 2556; x_wconf 90' lang='lat' dir='ltr'>adoptioni</span> <span class='ocrx_word' id='word_1_198' title='bbox 456 2471 549 2556; x_wconf 83' lang='lat' dir='ltr'>virga</span> <span class='ocrx_word' id='word_1_199' title='bbox 570 2469 686 2534; x_wconf 91' lang='lat' dir='ltr'>emissa</span> <span class='ocrx_word' id='word_1_200' title='bbox 707 2479 804 2553; x_wconf 91' lang='lat' dir='ltr'>atque</span> <span class='ocrx_word' id='word_1_201' title='bbox 826 2470 871 2534; x_wconf 92' lang='lat' dir='ltr'>ita</span> <span class='ocrx_word' id='word_1_202' title='bbox 893 2468 956 2534; x_wconf 89' lang='lat' dir='ltr'>alia</span> <span class='ocrx_word' id='word_1_203' title='bbox 975 2468 1089 2534; x_wconf 90' lang='lat' dir='ltr'>arbore</span> <span class='ocrx_word' id='word_1_204' title='bbox 1104 2492 1145 2533; x_wconf 88' lang='lat' dir='ltr'>ex</span> <span class='ocrx_word' id='word_1_205' title='bbox 1160 2469 1273 2535; x_wconf 91' lang='lat' dir='ltr'>eadem</span> 
     </span>
     <span class='ocr_line' id='line_1_23' title="bbox 148 2567 1271 2656; baseline -0.001 -23"><span class='ocrx_word' id='word_1_206' title='bbox 148 2567 375 2637; x_wconf 87' lang='lat' dir='ltr'>iuvenescente</span> <span class='ocrx_word' id='word_1_207' title='bbox 395 2573 576 2655; x_wconf 92' lang='lat' dir='ltr'>iterumque</span> <span class='ocrx_word' id='word_1_208' title='bbox 597 2581 628 2635; x_wconf 89' lang='lat' dir='ltr'>et</span> <span class='ocrx_word' id='word_1_209' title='bbox 649 2570 798 2654; x_wconf 92' lang='lat' dir='ltr'>quotiens</span> <span class='ocrx_word' id='word_1_210' title='bbox 821 2592 903 2656; x_wconf 91' lang='lat' dir='ltr'>opus</span> <span class='ocrx_word' id='word_1_211' title='bbox 926 2569 977 2649; x_wconf 88' lang='lat' dir='ltr'>sit,</span> <span class='ocrx_word' id='word_1_212' title='bbox 999 2581 1036 2633; x_wconf 88' lang='lat' dir='ltr'>ut</span> <span class='ocrx_word' id='word_1_213' title='bbox 1056 2569 1144 2635; x_wconf 84' lang='lat' dir='ltr'>aevis</span> <span class='ocrx_word' id='word_1_214' title='bbox 1159 2568 1271 2633; x_wconf 90' lang='lat' dir='ltr'>eadem</span> 
     </span>
    </p>
   </div>
   <div class='ocr_carea' id='block_1_3' title="bbox 148 2773 1272 2906">
    <p class='ocr_par' dir='ltr' id='par_1_4' title="bbox 148 2773 1272 2906">
     <span class='ocr_line' id='line_1_24' title="bbox 149 2773 1272 2897; baseline -0.001 -72"><span class='ocrx_word' id='word_1_215' title='bbox 149 2816 181 2825; x_wconf 81' lang='grc'>-</span> <span class='ocrx_word' id='word_1_216' title='bbox 199 2775 400 2897; x_wconf 48' lang='lat' dir='ltr'>Digqpperru,</span> <span class='ocrx_word' id='word_1_217' title='bbox 418 2778 691 2839; x_wconf 81' lang='lat' dir='ltr'>Catoderernst61‚</span> <span class='ocrx_word' id='word_1_218' title='bbox 705 2784 729 2828; x_wconf 92' lang='grc'>2.</span> <span class='ocrx_word' id='word_1_219' title='bbox 747 2817 778 2828; x_wconf 88' lang='grc'>-</span> <span class='ocrx_word' id='word_1_220' title='bbox 800 2777 847 2839; x_wconf 82' lang='lat' dir='ltr'>obi,</span> <span class='ocrx_word' id='word_1_221' title='bbox 859 2793 882 2827; x_wconf 81' lang='lat' dir='ltr'>a.</span> <span class='ocrx_word' id='word_1_222' title='bbox 902 2819 932 2827; x_wconf 85' lang='lat'>..</span> <span class='ocrx_word' id='word_1_223' title='bbox 956 2775 1061 2839; x_wconf 81' lang='lat' dir='ltr'>nequid,</span> <span class='ocrx_word' id='word_1_224' title='bbox 1074 2792 1096 2826; x_wconf 88' lang='lat' dir='ltr'>a.</span> <span class='ocrx_word' id='word_1_225' title='bbox 1119 2773 1184 2838; x_wconf 83' lang='lat' dir='ltr'>qaid,</span> <span class='ocrx_word' id='word_1_226' title='bbox 1197 2777 1221 2825; x_wconf 90' lang='lat' dir='ltr'>d.</span> <span class='ocrx_word' id='word_1_227' title='bbox 1243 2791 1272 2824; x_wconf 78' lang='lat' dir='ltr'>aa</span> 
     </span>
     <span class='ocr_line' id='line_1_25' title="bbox 148 2858 307 2906; baseline 0.019 -14"><span class='ocrx_word' id='word_1_228' title='bbox 148 2858 221 2906; x_wconf 83' lang='lat' dir='ltr'>aqua,</span> <span class='ocrx_word' id='word_1_229' title='bbox 256 2861 271 2894; x_wconf 88' lang='lat' dir='ltr'>a</span> <span class='ocrx_word' id='word_1_230' title='bbox 300 2881 307 2895; x_wconf 93' lang='lat'>.</span> 
     </span>
    </p>
   </div>
   <div class='ocr_carea' id='block_1_4' title="bbox 76 2926 1271 3530">
    <p class='ocr_par' dir='ltr' id='par_1_5' title="bbox 76 2926 1271 3530">
     <span class='ocr_line' id='line_1_26' title="bbox 182 2926 1270 2993; baseline -0.003 -14"><span class='ocrx_word' id='word_1_231' title='bbox 182 2926 196 2989; x_wconf 70' lang='grc'><strong>5</strong></span> <span class='ocrx_word' id='word_1_232' title='bbox 211 2934 267 2980; x_wconf 89' lang='grc'><strong>127.</strong></span> <span class='ocrx_word' id='word_1_233' title='bbox 285 2937 394 2993; x_wconf 81' lang='lat' dir='ltr'>quaerat,</span> <span class='ocrx_word' id='word_1_234' title='bbox 406 2931 467 2980; x_wconf 91' lang='lat' dir='ltr'>a²d.</span> <span class='ocrx_word' id='word_1_235' title='bbox 485 2931 586 2992; x_wconf 83' lang='lat' dir='ltr'>quaerit,</span> <span class='ocrx_word' id='word_1_236' title='bbox 598 2933 634 2980; x_wconf 87' lang='lat' dir='ltr'>a¹.</span> <span class='ocrx_word' id='word_1_237' title='bbox 654 2972 685 2980; x_wconf 73' lang='grc'>-</span> <span class='ocrx_word' id='word_1_238' title='bbox 704 2929 749 2991; x_wconf 80' lang='lat' dir='ltr'>die,</span> <span class='ocrx_word' id='word_1_239' title='bbox 762 2932 845 2980; x_wconf 91' lang='lat' dir='ltr'>omitt.</span> <span class='ocrx_word' id='word_1_240' title='bbox 858 2931 912 2980; x_wconf 80' lang='lat' dir='ltr'>Td.</span> <span class='ocrx_word' id='word_1_241' title='bbox 932 2970 963 2979; x_wconf 90' lang='lat'>..</span> <span class='ocrx_word' id='word_1_242' title='bbox 982 2928 1073 2991; x_wconf 90' lang='lat' dir='ltr'>XLV,</span> <span class='ocrx_word' id='word_1_243' title='bbox 1084 2929 1152 2978; x_wconf 90' lang='lat' dir='ltr'>Pint.</span> <span class='ocrx_word' id='word_1_244' title='bbox 1165 2936 1191 2977; x_wconf 88' lang='lat' dir='ltr'>et</span> <span class='ocrx_word' id='word_1_245' title='bbox 1201 2928 1270 2977; x_wconf 90' lang='lat' dir='ltr'>Pon-</span> 
     </span>
     <span class='ocr_line' id='line_1_27' title="bbox 76 2994 1269 3062; baseline -0.001 -17"><span class='ocrx_word' id='word_1_246' title='bbox 76 3032 81 3038; x_wconf 85' lang='lat'>.</span> <span class='ocrx_word' id='word_1_247' title='bbox 147 2996 234 3047; x_wconf 84' lang='lat' dir='ltr'>tedera</span> <span class='ocrx_word' id='word_1_248' title='bbox 250 2998 377 3062; x_wconf 83' lang='lat' dir='ltr'>antiquitt</span> <span class='ocrx_word' id='word_1_249' title='bbox 395 3013 419 3060; x_wconf 91' lang='lat' dir='ltr'>p.</span> <span class='ocrx_word' id='word_1_250' title='bbox 437 3003 477 3046; x_wconf 81' lang='lat'>55.</span> <span class='ocrx_word' id='word_1_251' title='bbox 495 3013 528 3047; x_wconf 89' lang='lat' dir='ltr'>ex</span> <span class='ocrx_word' id='word_1_252' title='bbox 545 2998 602 3049; x_wconf 80' lang='lat' dir='ltr'>Cat.</span> <span class='ocrx_word' id='word_1_253' title='bbox 620 3000 652 3048; x_wconf 90' lang='lat' dir='ltr'>de</span> <span class='ocrx_word' id='word_1_254' title='bbox 668 3014 695 3048; x_wconf 87' lang='lat' dir='ltr'>re</span> <span class='ocrx_word' id='word_1_255' title='bbox 712 3006 772 3048; x_wconf 82' lang='lat' dir='ltr'>rust.</span> <span class='ocrx_word' id='word_1_256' title='bbox 787 3003 839 3056; x_wconf 69' lang='lat'>44„</span> <span class='ocrx_word' id='word_1_257' title='bbox 862 2999 930 3047; x_wconf 88' lang='lat' dir='ltr'>unde</span> <span class='ocrx_word' id='word_1_258' title='bbox 947 2998 1011 3046; x_wconf 90' lang='lat' dir='ltr'>haec</span> <span class='ocrx_word' id='word_1_259' title='bbox 1027 2997 1135 3060; x_wconf 87' lang='lat' dir='ltr'>sumpsit</span> <span class='ocrx_word' id='word_1_260' title='bbox 1152 2994 1219 3046; x_wconf 88' lang='lat' dir='ltr'>Plin.</span> <span class='ocrx_word' id='word_1_261' title='bbox 1237 3035 1269 3044; x_wconf 90' lang='grc'>..</span> 
     </span>
     <span class='ocr_line' id='line_1_28' title="bbox 148 3058 1268 3127; baseline 0.002 -16"><span class='ocrx_word' id='word_1_262' title='bbox 148 3059 257 3123; x_wconf 71' lang='lat' dir='ltr'>lessuad.</span> <span class='ocrx_word' id='word_1_263' title='bbox 275 3106 307 3115; x_wconf 79' lang='grc'>-</span> <span class='ocrx_word' id='word_1_264' title='bbox 330 3071 418 3118; x_wconf 82' lang='lat' dir='ltr'>ventus.</span> <span class='ocrx_word' id='word_1_265' title='bbox 431 3064 503 3115; x_wconf 85' lang='lat' dir='ltr'>Cato.</span> <span class='ocrx_word' id='word_1_266' title='bbox 530 3073 603 3127; x_wconf 82' lang='lat' dir='ltr'>uetus,</span> <span class='ocrx_word' id='word_1_267' title='bbox 620 3068 664 3115; x_wconf 88' lang='lat' dir='ltr'>ad.</span> <span class='ocrx_word' id='word_1_268' title='bbox 683 3107 714 3115; x_wconf 92' lang='grc'>...</span> <span class='ocrx_word' id='word_1_269' title='bbox 739 3064 801 3126; x_wconf 83' lang='lat' dir='ltr'>inde,</span> <span class='ocrx_word' id='word_1_270' title='bbox 817 3058 917 3115; x_wconf 73' lang='lat' dir='ltr'>OTad.</span> <span class='ocrx_word' id='word_1_271' title='bbox 934 3060 1033 3125; x_wconf 69' lang='lat' dir='ltr'>Omss.</span> <span class='ocrx_word' id='word_1_272' title='bbox 1054 3106 1084 3114; x_wconf 77' lang='grc'>-</span> <span class='ocrx_word' id='word_1_273' title='bbox 1107 3062 1156 3126; x_wconf 80' lang='lat' dir='ltr'>qui,</span> <span class='ocrx_word' id='word_1_274' title='bbox 1173 3065 1218 3113; x_wconf 85' lang='lat' dir='ltr'>ad.</span> <span class='ocrx_word' id='word_1_275' title='bbox 1237 3104 1268 3113; x_wconf 91' lang='lat'>..</span> 
     </span>
     <span class='ocr_line' id='line_1_29' title="bbox 146 3129 1271 3196; baseline 0.004 -18"><span class='ocrx_word' id='word_1_276' title='bbox 146 3138 281 3194; x_wconf 84' lang='lat' dir='ltr'>artatoque,</span> <span class='ocrx_word' id='word_1_277' title='bbox 297 3133 441 3182; x_wconf 90' lang='lat' dir='ltr'>Pontedera</span> <span class='ocrx_word' id='word_1_278' title='bbox 452 3133 469 3181; x_wconf 96' lang='lat' dir='ltr'>l.</span> <span class='ocrx_word' id='word_1_279' title='bbox 481 3134 500 3182; x_wconf 92' lang='lat' dir='ltr'>l.</span> <span class='ocrx_word' id='word_1_280' title='bbox 512 3149 537 3196; x_wconf 94' lang='lat' dir='ltr'>p.</span> <span class='ocrx_word' id='word_1_281' title='bbox 551 3138 591 3183; x_wconf 84' lang='grc'>56.</span> <span class='ocrx_word' id='word_1_282' title='bbox 618 3141 741 3196; x_wconf 82' lang='lat' dir='ltr'>aratoque,</span> <span class='ocrx_word' id='word_1_283' title='bbox 754 3129 846 3196; x_wconf 68' lang='lat' dir='ltr'>adssy.</span> <span class='ocrx_word' id='word_1_284' title='bbox 869 3135 938 3183; x_wconf 89' lang='lat' dir='ltr'>Add.</span> <span class='ocrx_word' id='word_1_285' title='bbox 951 3133 1097 3184; x_wconf 86' lang='lat' dir='ltr'>Schneider.</span> <span class='ocrx_word' id='word_1_286' title='bbox 1111 3134 1142 3182; x_wconf 88' lang='lat' dir='ltr'>ad</span> <span class='ocrx_word' id='word_1_287' title='bbox 1155 3131 1211 3182; x_wconf 79' lang='lat' dir='ltr'>Cat.</span> <span class='ocrx_word' id='word_1_288' title='bbox 1222 3131 1271 3182; x_wconf 78' lang='lat' dir='ltr'>l.l.</span> 
     </span>
     <span class='ocr_line' id='line_1_30' title="bbox 146 3193 1270 3265; baseline 0 -16"><span class='ocrx_word' id='word_1_289' title='bbox 146 3213 172 3262; x_wconf 84' lang='lat' dir='ltr'>p.</span> <span class='ocrx_word' id='word_1_290' title='bbox 186 3204 243 3249; x_wconf 82' lang='lat' dir='ltr'>lla.</span> <span class='ocrx_word' id='word_1_291' title='bbox 262 3240 293 3249; x_wconf 90' lang='lat'>..</span> <span class='ocrx_word' id='word_1_292' title='bbox 312 3199 474 3258; x_wconf 73' lang='lat' dir='ltr'>comunitate,</span> <span class='ocrx_word' id='word_1_293' title='bbox 487 3193 587 3250; x_wconf 72' lang='lat' dir='ltr'>onan.</span> <span class='ocrx_word' id='word_1_294' title='bbox 614 3208 733 3262; x_wconf 80' lang='lat' dir='ltr'>autumas,</span> <span class='ocrx_word' id='word_1_295' title='bbox 749 3197 780 3262; x_wconf 80' lang='grc' dir='ltr'>β.</span> <span class='ocrx_word' id='word_1_296' title='bbox 804 3201 876 3251; x_wconf 88' lang='lat' dir='ltr'>Haec</span> <span class='ocrx_word' id='word_1_297' title='bbox 891 3210 994 3265; x_wconf 89' lang='lat' dir='ltr'>sumpta</span> <span class='ocrx_word' id='word_1_298' title='bbox 1009 3209 1069 3250; x_wconf 88' lang='lat' dir='ltr'>sunt</span> <span class='ocrx_word' id='word_1_299' title='bbox 1084 3215 1118 3249; x_wconf 83' lang='lat' dir='ltr'>ex</span> <span class='ocrx_word' id='word_1_300' title='bbox 1130 3199 1187 3250; x_wconf 86' lang='lat' dir='ltr'>Cat.</span> <span class='ocrx_word' id='word_1_301' title='bbox 1201 3201 1270 3250; x_wconf 87' lang='lat' dir='ltr'>dara</span> 
     </span>
     <span class='ocr_line' id='line_1_31' title="bbox 145 3264 1270 3333; baseline -0.001 -18"><span class='ocrx_word' id='word_1_302' title='bbox 145 3274 208 3316; x_wconf 87' lang='lat' dir='ltr'>rust.</span> <span class='ocrx_word' id='word_1_303' title='bbox 222 3272 245 3328; x_wconf 78' lang='lat'>5,</span> <span class='ocrx_word' id='word_1_304' title='bbox 259 3274 282 3318; x_wconf 85' lang='lat'>8.</span> <span class='ocrx_word' id='word_1_305' title='bbox 301 3308 332 3317; x_wconf 83' lang='lat'>-</span> <span class='ocrx_word' id='word_1_306' title='bbox 354 3266 404 3324; x_wconf 78' lang='lat' dir='ltr'>Qui</span> <span class='ocrx_word' id='word_1_307' title='bbox 413 3266 520 3315; x_wconf 83' lang='lat' dir='ltr'>olivetum</span> <span class='ocrx_word' id='word_1_308' title='bbox 532 3268 576 3317; x_wconf 87' lang='lat' dir='ltr'>rel.</span> <span class='ocrx_word' id='word_1_309' title='bbox 594 3269 665 3318; x_wconf 88' lang='lat' dir='ltr'>Haec</span> <span class='ocrx_word' id='word_1_310' title='bbox 677 3276 778 3333; x_wconf 88' lang='lat' dir='ltr'>sumpta</span> <span class='ocrx_word' id='word_1_311' title='bbox 789 3277 848 3318; x_wconf 86' lang='lat' dir='ltr'>sunt</span> <span class='ocrx_word' id='word_1_312' title='bbox 860 3284 893 3317; x_wconf 87' lang='lat' dir='ltr'>ex</span> <span class='ocrx_word' id='word_1_313' title='bbox 905 3267 962 3318; x_wconf 86' lang='lat' dir='ltr'>Cat.</span> <span class='ocrx_word' id='word_1_314' title='bbox 975 3269 992 3317; x_wconf 96' lang='lat' dir='ltr'>l.</span> <span class='ocrx_word' id='word_1_315' title='bbox 1005 3269 1023 3318; x_wconf 95' lang='lat' dir='ltr'>l.</span> <span class='ocrx_word' id='word_1_316' title='bbox 1036 3273 1076 3328; x_wconf 86' lang='lat' dir='ltr'>sl,</span> <span class='ocrx_word' id='word_1_317' title='bbox 1091 3273 1113 3333; x_wconf 24' lang='lat'>1..</span> <span class='ocrx_word' id='word_1_318' title='bbox 1128 3295 1160 3316; x_wconf 81' lang='lat'>.·</span> <span class='ocrx_word' id='word_1_319' title='bbox 1175 3266 1199 3316; x_wconf 84' lang='lat' dir='ltr'>si</span> <span class='ocrx_word' id='word_1_320' title='bbox 1208 3264 1270 3315; x_wconf 78' lang='lat' dir='ltr'>mals</span> 
     </span>
     <span class='ocr_line' id='line_1_32' title="bbox 147 3331 1269 3400; baseline 0.004 -18"><span class='ocrx_word' id='word_1_321' title='bbox 147 3334 240 3398; x_wconf 84' lang='lat' dir='ltr'>arabit;</span> <span class='ocrx_word' id='word_1_322' title='bbox 258 3336 321 3385; x_wconf 88' lang='lat' dir='ltr'>haec</span> <span class='ocrx_word' id='word_1_323' title='bbox 334 3351 383 3398; x_wconf 85' lang='lat' dir='ltr'>ego</span> <span class='ocrx_word' id='word_1_324' title='bbox 395 3337 478 3399; x_wconf 88' lang='lat' dir='ltr'>recepi</span> <span class='ocrx_word' id='word_1_325' title='bbox 491 3334 589 3385; x_wconf 77' lang='lat' dir='ltr'>excat.</span> <span class='ocrx_word' id='word_1_326' title='bbox 603 3335 691 3386; x_wconf 88' lang='lat' dir='ltr'>Omitt.</span> <span class='ocrx_word' id='word_1_327' title='bbox 704 3331 795 3399; x_wconf 70' lang='lat' dir='ltr'>adssy,</span> <span class='ocrx_word' id='word_1_328' title='bbox 808 3339 875 3386; x_wconf 88' lang='lat' dir='ltr'>unde</span> <span class='ocrx_word' id='word_1_329' title='bbox 887 3337 1050 3400; x_wconf 86' lang='lat' dir='ltr'>interpolatio</span> <span class='ocrx_word' id='word_1_330' title='bbox 1063 3336 1149 3385; x_wconf 89' lang='lat' dir='ltr'>statim</span> <span class='ocrx_word' id='word_1_331' title='bbox 1161 3349 1269 3398; x_wconf 80' lang='lat' dir='ltr'>sequens</span> 
     </span>
     <span class='ocr_line' id='line_1_33' title="bbox 146 3397 1271 3467; baseline 0.001 -17"><span class='ocrx_word' id='word_1_332' title='bbox 146 3409 211 3450; x_wconf 88' lang='lat' dir='ltr'>orta.</span> <span class='ocrx_word' id='word_1_333' title='bbox 230 3443 261 3451; x_wconf 81' lang='grc'><strong>-</strong></span> <span class='ocrx_word' id='word_1_334' title='bbox 284 3404 429 3465; x_wconf 79' lang='lat' dir='ltr'>surum,ad.</span> <span class='ocrx_word' id='word_1_335' title='bbox 452 3397 648 3467; x_wconf 70' lang='lat' dir='ltr'>aisursum,ssy.</span> <span class='ocrx_word' id='word_1_336' title='bbox 668 3444 699 3453; x_wconf 83' lang='lat'><em>-</em></span> <span class='ocrx_word' id='word_1_337' title='bbox 719 3402 852 3466; x_wconf 80' lang='lat' dir='ltr'>fiuat‚ad.</span> <span class='ocrx_word' id='word_1_338' title='bbox 872 3444 903 3452; x_wconf 82' lang='lat'><em>-</em></span> <span class='ocrx_word' id='word_1_339' title='bbox 926 3402 1088 3464; x_wconf 67' lang='lat' dir='ltr'>eteriaad.</span> <span class='ocrx_word' id='word_1_340' title='bbox 1115 3409 1138 3450; x_wconf 88' lang='lat' dir='ltr'>et</span> <span class='ocrx_word' id='word_1_341' title='bbox 1149 3402 1181 3463; x_wconf 84' lang='lat' dir='ltr'>ia,</span> <span class='ocrx_word' id='word_1_342' title='bbox 1192 3403 1224 3453; x_wconf 82' lang='grc' dir='ltr'>Τ.</span> <span class='ocrx_word' id='word_1_343' title='bbox 1247 3409 1271 3451; x_wconf 84' lang='lat' dir='ltr'>et</span> 
     </span>
     <span class='ocr_line' id='line_1_34' title="bbox 145 3468 284 3530; baseline 0.007 -14"><span class='ocrx_word' id='word_1_344' title='bbox 145 3468 170 3516; x_wconf 83' lang='lat' dir='ltr'>in</span> <span class='ocrx_word' id='word_1_345' title='bbox 185 3484 234 3530; x_wconf 79' lang='lat' dir='ltr'>eus,</span> <span class='ocrx_word' id='word_1_346' title='bbox 251 3471 284 3521; x_wconf 87' lang='lat' dir='ltr'>K.</span> 
     </span>
    </p>
   </div>
   <div class='ocr_carea' id='block_1_5' title="bbox 142 3558 1269 3962">
    <p class='ocr_par' dir='ltr' id='par_1_6' title="bbox 142 3558 1269 3962">
     <span class='ocr_line' id='line_1_35' title="bbox 178 3558 1268 3628; baseline 0.001 -18"><span class='ocrx_word' id='word_1_347' title='bbox 178 3563 193 3624; x_wconf 68' lang='grc' dir='ltr'><strong>ς</strong></span> <span class='ocrx_word' id='word_1_348' title='bbox 207 3568 264 3612; x_wconf 87' lang='grc'><strong>128.</strong></span> <span class='ocrx_word' id='word_1_349' title='bbox 287 3570 317 3623; x_wconf 81' lang='lat' dir='ltr'>et,</span> <span class='ocrx_word' id='word_1_350' title='bbox 330 3564 361 3612; x_wconf 83' lang='lat' dir='ltr'>T.</span> <span class='ocrx_word' id='word_1_351' title='bbox 384 3570 417 3622; x_wconf 89' lang='lat' dir='ltr'>ut,</span> <span class='ocrx_word' id='word_1_352' title='bbox 430 3580 452 3613; x_wconf 88' lang='lat' dir='ltr'>a.</span> <span class='ocrx_word' id='word_1_353' title='bbox 476 3561 520 3623; x_wconf 82' lang='lat' dir='ltr'>vel,</span> <span class='ocrx_word' id='word_1_354' title='bbox 534 3558 605 3628; x_wconf 69' lang='grc' dir='ltr'>ᾶβγ.</span> <span class='ocrx_word' id='word_1_355' title='bbox 625 3562 682 3614; x_wconf 80' lang='lat' dir='ltr'>Ona</span> <span class='ocrx_word' id='word_1_356' title='bbox 694 3563 762 3612; x_wconf 88' lang='lat' dir='ltr'>Pint.</span> <span class='ocrx_word' id='word_1_357' title='bbox 783 3603 814 3611; x_wconf 84' lang='grc'>-</span> <span class='ocrx_word' id='word_1_358' title='bbox 838 3562 926 3611; x_wconf 82' lang='lat' dir='ltr'>iuberet</span> <span class='ocrx_word' id='word_1_359' title='bbox 935 3562 991 3624; x_wconf 82' lang='lat' dir='ltr'>aeri,</span> <span class='ocrx_word' id='word_1_360' title='bbox 1008 3563 1044 3613; x_wconf 88' lang='lat' dir='ltr'>ita</span> <span class='ocrx_word' id='word_1_361' title='bbox 1055 3577 1104 3614; x_wconf 89' lang='lat' dir='ltr'>nos</span> <span class='ocrx_word' id='word_1_362' title='bbox 1116 3562 1268 3627; x_wconf 83' lang='lat' dir='ltr'>scripsimus.</span> 
     </span>
     <span class='ocr_line' id='line_1_36' title="bbox 145 3625 1269 3694; baseline 0.004 -19"><span class='ocrx_word' id='word_1_363' title='bbox 145 3627 223 3677; x_wconf 84' lang='lat' dir='ltr'>iubere</span> <span class='ocrx_word' id='word_1_364' title='bbox 235 3637 259 3676; x_wconf 85' lang='lat' dir='ltr'>et</span> <span class='ocrx_word' id='word_1_365' title='bbox 269 3629 324 3691; x_wconf 82' lang='lat' dir='ltr'>seri,</span> <span class='ocrx_word' id='word_1_366' title='bbox 341 3647 364 3680; x_wconf 90' lang='lat' dir='ltr'>a.</span> <span class='ocrx_word' id='word_1_367' title='bbox 390 3631 566 3687; x_wconf 65' lang='lat' dir='ltr'>vitrecetum,</span> <span class='ocrx_word' id='word_1_368' title='bbox 583 3631 607 3678; x_wconf 93' lang='lat' dir='ltr'>d.</span> <span class='ocrx_word' id='word_1_369' title='bbox 634 3629 711 3679; x_wconf 73' lang='lat' dir='ltr'>vium</span> <span class='ocrx_word' id='word_1_370' title='bbox 723 3638 746 3678; x_wconf 86' lang='lat' dir='ltr'>et</span> <span class='ocrx_word' id='word_1_371' title='bbox 755 3630 804 3678; x_wconf 74' lang='lat' dir='ltr'>reri</span> <span class='ocrx_word' id='word_1_372' title='bbox 815 3629 920 3690; x_wconf 59' lang='grc' dir='ltr'>ἀεὸεαηῑ,</span> <span class='ocrx_word' id='word_1_373' title='bbox 935 3625 986 3694; x_wconf 75' lang='grc' dir='ltr'>βγ.</span> <span class='ocrx_word' id='word_1_374' title='bbox 1005 3632 1072 3680; x_wconf 94' lang='lat' dir='ltr'>Plin.</span> <span class='ocrx_word' id='word_1_375' title='bbox 1087 3632 1196 3680; x_wconf 84' lang='lat' dir='ltr'>lectores</span> <span class='ocrx_word' id='word_1_376' title='bbox 1208 3643 1269 3679; x_wconf 85' lang='lat' dir='ltr'>suos</span> 
     </span>
     <span class='ocr_line' id='line_1_37' title="bbox 144 3697 1268 3764; baseline -0.001 -18"><span class='ocrx_word' id='word_1_377' title='bbox 144 3699 176 3746; x_wconf 85' lang='lat' dir='ltr'>ad</span> <span class='ocrx_word' id='word_1_378' title='bbox 190 3702 230 3757; x_wconf 85' lang='grc'>15,</span> <span class='ocrx_word' id='word_1_379' title='bbox 246 3703 280 3748; x_wconf 88' lang='grc'>20</span> <span class='ocrx_word' id='word_1_380' title='bbox 292 3713 362 3761; x_wconf 90' lang='lat' dir='ltr'>seqq.</span> <span class='ocrx_word' id='word_1_381' title='bbox 380 3706 495 3757; x_wconf 85' lang='lat' dir='ltr'>revocat,</span> <span class='ocrx_word' id='word_1_382' title='bbox 512 3699 557 3747; x_wconf 93' lang='lat' dir='ltr'>ubi</span> <span class='ocrx_word' id='word_1_383' title='bbox 570 3697 674 3748; x_wconf 84' lang='lat' dir='ltr'>Catonis</span> <span class='ocrx_word' id='word_1_384' title='bbox 691 3699 722 3747; x_wconf 88' lang='lat' dir='ltr'>de</span> <span class='ocrx_word' id='word_1_385' title='bbox 738 3700 871 3761; x_wconf 86' lang='lat' dir='ltr'>generibus</span> <span class='ocrx_word' id='word_1_386' title='bbox 889 3699 1002 3748; x_wconf 89' lang='lat' dir='ltr'>olearum</span> <span class='ocrx_word' id='word_1_387' title='bbox 1019 3700 1114 3764; x_wconf 87' lang='lat' dir='ltr'>placita</span> <span class='ocrx_word' id='word_1_388' title='bbox 1125 3698 1216 3747; x_wconf 82' lang='lat' dir='ltr'>attulit.</span> <span class='ocrx_word' id='word_1_389' title='bbox 1236 3737 1268 3745; x_wconf 87' lang='lat'><em>-</em></span> 
     </span>
     <span class='ocr_line' id='line_1_38' title="bbox 144 3763 1268 3831; baseline 0.001 -20"><span class='ocrx_word' id='word_1_390' title='bbox 144 3772 251 3826; x_wconf 75' lang='lat' dir='ltr'>spectare</span> <span class='ocrx_word' id='word_1_391' title='bbox 263 3781 361 3828; x_wconf 86' lang='lat' dir='ltr'>quoque,</span> <span class='ocrx_word' id='word_1_392' title='bbox 374 3765 398 3813; x_wconf 90' lang='lat' dir='ltr'>d.</span> <span class='ocrx_word' id='word_1_393' title='bbox 417 3806 448 3815; x_wconf 90' lang='lat'>..</span> <span class='ocrx_word' id='word_1_394' title='bbox 467 3765 569 3829; x_wconf 73' lang='lat' dir='ltr'>Mcqno,</span> <span class='ocrx_word' id='word_1_395' title='bbox 581 3768 617 3815; x_wconf 81' lang='lat' dir='ltr'>a¹.</span> <span class='ocrx_word' id='word_1_396' title='bbox 636 3807 668 3816; x_wconf 83' lang='grc'>..</span> <span class='ocrx_word' id='word_1_397' title='bbox 686 3773 710 3814; x_wconf 82' lang='lat' dir='ltr'>et</span> <span class='ocrx_word' id='word_1_398' title='bbox 721 3763 810 3830; x_wconf 73' lang='lat' dir='ltr'>urqilla</span> <span class='ocrx_word' id='word_1_399' title='bbox 822 3773 851 3826; x_wconf 85' lang='lat' dir='ltr'>et,</span> <span class='ocrx_word' id='word_1_400' title='bbox 864 3783 886 3816; x_wconf 83' lang='lat' dir='ltr'>a.</span> <span class='ocrx_word' id='word_1_401' title='bbox 905 3774 930 3814; x_wconf 82' lang='lat' dir='ltr'>et</span> <span class='ocrx_word' id='word_1_402' title='bbox 939 3765 1051 3831; x_wconf 73' lang='lat' dir='ltr'>arqillam</span> <span class='ocrx_word' id='word_1_403' title='bbox 1064 3774 1094 3827; x_wconf 85' lang='lat' dir='ltr'>et,</span> <span class='ocrx_word' id='word_1_404' title='bbox 1106 3768 1130 3815; x_wconf 94' lang='lat' dir='ltr'>d.</span> <span class='ocrx_word' id='word_1_405' title='bbox 1143 3805 1174 3814; x_wconf 80' lang='grc'>..</span> <span class='ocrx_word' id='word_1_406' title='bbox 1192 3763 1268 3812; x_wconf 76' lang='lat' dir='ltr'>subri-</span> 
     </span>
     <span class='ocr_line' id='line_1_39' title="bbox 142 3828 1267 3899; baseline -0.001 -19"><span class='ocrx_word' id='word_1_407' title='bbox 142 3847 190 3894; x_wconf 74' lang='lat' dir='ltr'>yao</span> <span class='ocrx_word' id='word_1_408' title='bbox 201 3831 258 3893; x_wconf 79' lang='lat' dir='ltr'>solo,</span> <span class='ocrx_word' id='word_1_409' title='bbox 270 3834 338 3883; x_wconf 79' lang='lat' dir='ltr'>Pint.</span> <span class='ocrx_word' id='word_1_410' title='bbox 356 3833 498 3897; x_wconf 60' lang='grc' dir='ltr'>ευὸνίᾳιιοεο,</span> <span class='ocrx_word' id='word_1_411' title='bbox 511 3834 541 3884; x_wconf 83' lang='grc' dir='ltr'>Τ.</span> <span class='ocrx_word' id='word_1_412' title='bbox 559 3833 685 3894; x_wconf 78' lang='lat' dir='ltr'>rubricoso,</span> <span class='ocrx_word' id='word_1_413' title='bbox 698 3837 722 3883; x_wconf 90' lang='lat' dir='ltr'>d.</span> <span class='ocrx_word' id='word_1_414' title='bbox 746 3833 851 3898; x_wconf 78' lang='lat' dir='ltr'>subriqu,</span> <span class='ocrx_word' id='word_1_415' title='bbox 863 3851 886 3884; x_wconf 86' lang='lat' dir='ltr'>a.</span> <span class='ocrx_word' id='word_1_416' title='bbox 907 3834 1026 3899; x_wconf 73' lang='lat' dir='ltr'>rubrique,</span> <span class='ocrx_word' id='word_1_417' title='bbox 1038 3828 1091 3897; x_wconf 73' lang='grc' dir='ltr'>βγ.</span> <span class='ocrx_word' id='word_1_418' title='bbox 1111 3873 1142 3881; x_wconf 88' lang='grc'>..</span> <span class='ocrx_word' id='word_1_419' title='bbox 1160 3828 1267 3893; x_wconf 82' lang='lat' dir='ltr'>quidam,</span> 
     </span>
     <span class='ocr_line' id='line_1_40' title="bbox 143 3898 1268 3962; baseline -0.002 -14"><span class='ocrx_word' id='word_1_420' title='bbox 143 3901 190 3949; x_wconf 90' lang='lat' dir='ltr'>ad.</span> <span class='ocrx_word' id='word_1_421' title='bbox 210 3940 241 3949; x_wconf 83' lang='lat'><em>-</em></span> <span class='ocrx_word' id='word_1_422' title='bbox 265 3916 327 3962; x_wconf 87' lang='lat' dir='ltr'>vero,</span> <span class='ocrx_word' id='word_1_423' title='bbox 339 3903 363 3951; x_wconf 90' lang='lat' dir='ltr'>d.</span> <span class='ocrx_word' id='word_1_424' title='bbox 382 3942 413 3950; x_wconf 89' lang='lat'>..</span> <span class='ocrx_word' id='word_1_425' title='bbox 437 3900 549 3962; x_wconf 86' lang='lat' dir='ltr'>seri,ad.</span> <span class='ocrx_word' id='word_1_426' title='bbox 571 3942 600 3950; x_wconf 86' lang='lat'><em>-</em></span> <span class='ocrx_word' id='word_1_427' title='bbox 627 3899 670 3950; x_wconf 86' lang='lat' dir='ltr'>sed</span> <span class='ocrx_word' id='word_1_428' title='bbox 679 3900 776 3962; x_wconf 68' lang='lat' dir='ltr'>sieta.</span> <span class='ocrx_word' id='word_1_429' title='bbox 803 3899 984 3962; x_wconf 80' lang='lat' dir='ltr'>sedetsde.</span> <span class='ocrx_word' id='word_1_430' title='bbox 1011 3899 1063 3952; x_wconf 82' lang='lat' dir='ltr'>Sed</span> <span class='ocrx_word' id='word_1_431' title='bbox 1077 3906 1225 3947; x_wconf 76' lang='lat' dir='ltr'>stratumne</span> <span class='ocrx_word' id='word_1_432' title='bbox 1238 3898 1268 3960; x_wconf 78' lang='lat' dir='ltr'>si,</span> 
     </span>
    </p>
   </div>
   <div class='ocr_carea' id='block_1_6' title="bbox 14 3929 1249 4031">
    <p class='ocr_par' dir='ltr' id='par_1_7' title="bbox 14 3929 1249 4031">
     <span class='ocr_line' id='line_1_41' title="bbox 14 3929 1249 4031; baseline 0 -15"><span class='ocrx_word' id='word_1_433' title='bbox 14 3929 20 3939; x_wconf 37' lang='grc' dir='ltr'>ι</span> <span class='ocrx_word' id='word_1_434' title='bbox 101 3979 105 3984; x_wconf 85' lang='grc'>·</span> <span class='ocrx_word' id='word_1_435' title='bbox 143 3967 276 4018; x_wconf 78' lang='lat' dir='ltr'>Dalcc...</span> <span class='ocrx_word' id='word_1_436' title='bbox 295 3975 414 4031; x_wconf 81' lang='lat' dir='ltr'>quattuor,</span> <span class='ocrx_word' id='word_1_437' title='bbox 426 3969 505 4019; x_wconf 88' lang='lat' dir='ltr'>Hard.</span> <span class='ocrx_word' id='word_1_438' title='bbox 517 3970 631 4031; x_wconf 87' lang='lat' dir='ltr'>coll.17,</span> <span class='ocrx_word' id='word_1_439' title='bbox 646 3976 685 4019; x_wconf 92' lang='grc'>11.</span> <span class='ocrx_word' id='word_1_440' title='bbox 706 3976 746 4030; x_wconf 86' lang='lat'>18,</span> <span class='ocrx_word' id='word_1_441' title='bbox 759 3972 816 4020; x_wconf 85' lang='grc'><strong>287.</strong></span> <span class='ocrx_word' id='word_1_442' title='bbox 829 3976 887 4021; x_wconf 83' lang='grc'><strong>288.</strong></span> <span class='ocrx_word' id='word_1_443' title='bbox 911 3968 1007 4031; x_wconf 90' lang='lat' dir='ltr'>XIIII,</span> <span class='ocrx_word' id='word_1_444' title='bbox 1018 3963 1088 4028; x_wconf 70' lang='lat' dir='ltr'>adst.</span> <span class='ocrx_word' id='word_1_445' title='bbox 1111 3973 1170 4026; x_wconf 81' lang='lat' dir='ltr'>octo,</span> <span class='ocrx_word' id='word_1_446' title='bbox 1181 3967 1249 4016; x_wconf 81' lang='lat' dir='ltr'>Pint.</span> 
     </span>
    </p>
   </div>
   <div class='ocr_carea' id='block_1_7' title="bbox 178 4056 1268 4191">
    <p class='ocr_par' dir='ltr' id='par_1_8' title="bbox 178 4056 1268 4191">
     <span class='ocr_line' id='line_1_42' title="bbox 178 4056 1268 4191; baseline 0 -82"><span class='ocrx_word' id='word_1_447' title='bbox 178 4057 274 4120; x_wconf 77' lang='lat' dir='ltr'>§laa-</span> <span class='ocrx_word' id='word_1_448' title='bbox 298 4059 478 4122; x_wconf 65' lang='lat' dir='ltr'>uod-inserit,</span> <span class='ocrx_word' id='word_1_449' title='bbox 488 4063 524 4112; x_wconf 90' lang='lat' dir='ltr'>ita</span> <span class='ocrx_word' id='word_1_450' title='bbox 536 4077 584 4112; x_wconf 87' lang='lat' dir='ltr'>nos</span> <span class='ocrx_word' id='word_1_451' title='bbox 596 4064 749 4126; x_wconf 88' lang='lat' dir='ltr'>scripsimus.</span> <span class='ocrx_word' id='word_1_452' title='bbox 757 4059 832 4191; x_wconf 56' lang='lat' dir='ltr'>dm</span> <span class='ocrx_word' id='word_1_453' title='bbox 838 4070 917 4113; x_wconf 71' lang='lat' dir='ltr'>„ert</span> <span class='ocrx_word' id='word_1_454' title='bbox 927 4061 1016 4121; x_wconf 81' lang='lat' dir='ltr'>inserit,</span> <span class='ocrx_word' id='word_1_455' title='bbox 1028 4062 1071 4110; x_wconf 88' lang='lat' dir='ltr'>ad.</span> <span class='ocrx_word' id='word_1_456' title='bbox 1095 4056 1268 4122; x_wconf 69' lang='lat' dir='ltr'>quidem-sat</span> 
     </span>
    </p>
   </div>
   <div class='ocr_carea' id='block_1_8' title="bbox 142 4125 1267 4260">
    <p class='ocr_par' dir='ltr' id='par_1_9' title="bbox 142 4125 1267 4260">
     <span class='ocr_line' id='line_1_43' title="bbox 144 4125 1267 4192; baseline 0.002 -17"><span class='ocrx_word' id='word_1_457' title='bbox 144 4125 252 4186; x_wconf 66' lang='lat' dir='ltr'>inseras,</span> <span class='ocrx_word' id='word_1_458' title='bbox 293 4142 319 4190; x_wconf 81' lang='grc' dir='ltr'>γ.</span> <span class='ocrx_word' id='word_1_459' title='bbox 339 4169 370 4176; x_wconf 83' lang='grc'>-</span> <span class='ocrx_word' id='word_1_460' title='bbox 395 4127 623 4190; x_wconf 80' lang='lat' dir='ltr'>quadam,&#39;l&#39;Kad.</span> <span class='ocrx_word' id='word_1_461' title='bbox 642 4129 746 4192; x_wconf 78' lang='lat' dir='ltr'>quidam,</span> <span class='ocrx_word' id='word_1_462' title='bbox 781 4167 837 4179; x_wconf 82' lang='lat'>.-</span> <span class='ocrx_word' id='word_1_463' title='bbox 859 4135 1051 4186; x_wconf 70' lang='lat' dir='ltr'>rumseneacaat</span> <span class='ocrx_word' id='word_1_464' title='bbox 1064 4127 1137 4176; x_wconf 86' lang='lat' dir='ltr'>Tad.</span> <span class='ocrx_word' id='word_1_465' title='bbox 1160 4143 1267 4177; x_wconf 71' lang='lat' dir='ltr'>eueoca</span> 
     </span>
     <span class='ocr_line' id='line_1_44' title="bbox 142 4192 1266 4260; baseline 0.004 -17"><span class='ocrx_word' id='word_1_466' title='bbox 142 4203 270 4256; x_wconf 70' lang='lat' dir='ltr'>umescunt,</span> <span class='ocrx_word' id='word_1_467' title='bbox 282 4197 314 4246; x_wconf 68' lang='lat' dir='ltr'>K.</span> <span class='ocrx_word' id='word_1_468' title='bbox 338 4203 508 4257; x_wconf 75' lang='lat' dir='ltr'>mmeacecunt,</span> <span class='ocrx_word' id='word_1_469' title='bbox 519 4192 570 4260; x_wconf 78' lang='grc' dir='ltr'>βγ.</span> <span class='ocrx_word' id='word_1_470' title='bbox 593 4213 644 4247; x_wconf 81' lang='lat' dir='ltr'>eam</span> <span class='ocrx_word' id='word_1_471' title='bbox 655 4204 782 4258; x_wconf 70' lang='lat' dir='ltr'>remeunt,</span> <span class='ocrx_word' id='word_1_472' title='bbox 794 4199 863 4248; x_wconf 89' lang='lat' dir='ltr'>Piut.</span> <span class='ocrx_word' id='word_1_473' title='bbox 881 4196 965 4247; x_wconf 87' lang='lat' dir='ltr'>Multa</span> <span class='ocrx_word' id='word_1_474' title='bbox 976 4197 1003 4246; x_wconf 89' lang='lat' dir='ltr'>in</span> <span class='ocrx_word' id='word_1_475' title='bbox 1015 4197 1041 4245; x_wconf 93' lang='lat' dir='ltr'>h.</span> <span class='ocrx_word' id='word_1_476' title='bbox 1053 4196 1071 4244; x_wconf 92' lang='lat' dir='ltr'>l.</span> <span class='ocrx_word' id='word_1_477' title='bbox 1084 4204 1166 4247; x_wconf 89' lang='lat' dir='ltr'>mutat</span> <span class='ocrx_word' id='word_1_478' title='bbox 1175 4197 1266 4248; x_wconf 89' lang='lat' dir='ltr'>Dalcc.</span> 
     </span>
    </p>
   </div>
   <div class='ocr_carea' id='block_1_9' title="bbox 144 4259 850 4327">
    <p class='ocr_par' dir='ltr' id='par_1_10' title="bbox 144 4259 850 4327">
     <span class='ocr_line' id='line_1_45' title="bbox 144 4259 850 4327; baseline 0.006 -15"><span class='ocrx_word' id='word_1_479' title='bbox 144 4302 175 4312; x_wconf 78' lang='lat'>..</span> <span class='ocrx_word' id='word_1_480' title='bbox 194 4261 325 4326; x_wconf 72' lang='lat' dir='ltr'>adoptiom,</span> <span class='ocrx_word' id='word_1_481' title='bbox 337 4266 381 4315; x_wconf 87' lang='lat' dir='ltr'>ad.</span> <span class='ocrx_word' id='word_1_482' title='bbox 408 4259 581 4327; x_wconf 69' lang='lat' dir='ltr'>adoptionass.</span> <span class='ocrx_word' id='word_1_483' title='bbox 600 4306 630 4314; x_wconf 85' lang='lat'>..</span> <span class='ocrx_word' id='word_1_484' title='bbox 650 4265 785 4327; x_wconf 64' lang='lat' dir='ltr'>oirrwsata,</span> <span class='ocrx_word' id='word_1_485' title='bbox 797 4266 850 4316; x_wconf 72' lang='grc' dir='ltr'>Τὰ.</span> 
     </span>
    </p>
   </div>
   <div class='ocr_carea' id='block_1_10' title="bbox 0 0 1452 4792">
    <p class='ocr_par' dir='ltr' id='par_1_11' title="bbox 0 0 1452 4792">
     <span class='ocr_line' id='line_1_46' title="bbox 0 0 1452 4792; baseline 0 4"><span class='ocrx_word' id='word_1_486' title='bbox 0 0 1452 4792; x_wconf 95' lang='lat' dir='ltr'> </span> 
     </span>
    </p>
   </div>
  </div>
 </body>
</html>
