2896 4792
364 314 434 362 mn.
449 314 539 362 xvn.
567 312 645 361 cnr.
662 313 723 360 nx.
739 314 815 379 xxr.
843 310 1032 359 saonam
1072 333 1083 343 -
1168 308 1171 315 ’
1197 294 1259 357 107

137 468 194 533 sed
224 466 347 531 tardius
373 477 550 531 nascuntur
577 476 758 548 terramque
790 463 897 529 defixa
926 461 982 527 vix
1009 459 1161 539 tolerant,
1195 482 1259 526 non

79 602 83 609 ·
137 568 234 633 modo
256 589 410 633 umorem.
440 564 622 632 Sambucns
642 577 753 632 contra
772 564 956 629 firmissima
976 563 1018 626 ad
1040 562 1147 647 palum
1170 560 1260 626 taleis

109 734 114 739 .
137 669 256 735 seritur
276 679 314 733 ut
335 668 492 755 populus}
515 688 590 731 nam
611 666 652 731 de
672 687 826 752 cupresso
849 665 928 730 satis
949 663 1101 729 diximus.

179 768 281 834 XXI.
303 770 356 835 35.
379 768 424 833 Et
444 768 620 856 praedictis
640 768 728 833 velut
749 766 954 832 armamentis
976 765 1144 831 vinearum
1162 775 1323 830 restatur

136 871 281 958 ipsarum
302 880 419 935 natura
438 870 612 956 praecipua
633 869 790 934 medenda
810 890 897 934 cura.
921 858 1048 934 Vitium
1070 865 1207 932 surculis
1229 877 1262 932 et

136 969 338 1054 quarundam
366 969 532 1048 arborum,
561 968 679 1055 quibus
705 969 873 1059 fungosior
898 969 987 1034 intus
1008 979 1138 1045 natura,
1167 968 1261 1057 geni·

136 1071 235 1136 culati
258 1093 428 1158 scaporum
449 1072 526 1137 nodi
546 1073 781 1159 intersaepiunt
802 1072 986 1138 medullam.
1008 1069 1148 1136 Ferulae
1169 1071 1261 1155 ipsae

54 1193 61 1199 ·
136 1172 255 1238 breves
272 1183 305 1238 et
322 1174 364 1237 ad
383 1194 508 1238 summa
528 1173 692 1239 breviores
713 1173 855 1238 articulis
876 1173 988 1258 utique
1009 1171 1059 1236 his
1080 1170 1263 1238 internodia

136 1271 317 1338 includunt.
350 1272 507 1353 Medulla,
531 1274 600 1340 sive
620 1274 675 1340 illo
697 1275 801 1339 vitalis
822 1275 930 1338 anima
951 1285 1010 1351 est,
1032 1285 1108 1337 ante
1132 1295 1167 1338 sc
1188 1284 1261 1337 ten·

137 1373 186 1439 dit
206 1374 441 1462 longitudinem
455 1374 620 1462 inpellens
641 1375 796 1460 quamdiu
817 1375 892 1440 nodi
914 1375 1025 1461 pervia
1038 1385 1127 1460 patet
1144 1373 1261 1439 fistula.

139 1472 225 1540 (lum
247 1499 322 1542 vero
344 1478 487 1543 concreti
513 1477 662 1543 ademere
689 1477 875 1554 transitum,
906 1497 1096 1562 repercussa
1123 1474 1262 1561 erumpit
1276 1486 1325 1532 1⁵⁸

136 1575 179 1641 ab
207 1576 273 1642 ima
305 1577 356 1643 sui
388 1589 480 1664 parte
512 1579 603 1643 iuxta
635 1578 776 1664 priorem
807 1578 929 1643 nodum
961 1576 1091 1642 alternis
1123 1578 1261 1642 laterum

138 1700 268 1764 semper
293 1678 496 1766 inguinibus,
525 1691 562 1743 ut
590 1679 712 1744 dictum
738 1689 787 1743 est
813 1678 846 1742 in
875 1677 1055 1742 harundine
1083 1699 1123 1743 ao
1147 1677 1261 1758 ferula,

136 1801 275 1864 quorum
303 1780 473 1845 dexterum
502 1779 544 1844 ab
570 1780 635 1844 imo
665 1779 865 1866 intellegitur
892 1780 1044 1858 articulo,
1077 1779 1202 1845 laevom
1227 1780 1263 1845 in

137 1896 297 1967 proxumo
323 1890 421 1964 atque
446 1880 492 1945 ita
517 1903 577 1967 per
606 1881 694 1947 vicis.
732 1880 806 1946 Hoc
828 1893 962 1947 vocatur
983 1883 1016 1946 in
1037 1881 1102 1946 vite
1123 1902 1262 1969 gemma,

137 2005 211 2048 cum
233 1981 281 2046 ibi
302 1982 478 2068 caespitem
498 1983 590 2060 facit,
621 1993 694 2048 ante
715 2006 791 2048 vero
813 2005 910 2067 qnam
931 1983 1043 2060 faciat,
1066 1982 1099 2046 in
1121 2002 1263 2047 concavo

138 2083 253 2148 oculus
272 2093 306 2148 et
327 2082 362 2147 in
384 2082 550 2149 cacumine
570 2083 644 2170 ipso
665 2106 807 2172 germen.
844 2081 901 2150 Sic
922 2085 1088 2171 palmites,
1117 2095 1263 2169 nepotes,

42 2205 53 2223 ·
138 2204 237 2260 urae,
266 2182 356 2261 folia,
384 2183 529 2270 pampini
551 2186 743 2273 gignuntur,
771 2184 952 2270 mirumque
972 2185 1114 2250 firmiora
1136 2206 1207 2249 esse
1227 2183 1263 2247 in
1396 2262 1400 2272 1

139 2283 272 2348 dextera
293 2294 387 2369 parte
408 2286 528 2373 genita.
567 2285 640 2351 Hos
661 2309 739 2374 ergo
760 2288 793 2352 in
816 2287 952 2353 surculis
974 2287 1092 2364 nodos,
1115 2308 1189 2352 cum
1210 2307 1263 2351 se·
1278 2295 1326 2342 ¹⁶⁴

138 2396 265 2462 runtur,
288 2386 411 2452 medios
434 2410 542 2452 secare
565 2399 692 2474 oportet
711 2388 756 2453 ita
776 2411 817 2454 ne
839 2388 976 2475 profluat
989 2388 1146 2465 medulla3
1176 2398 1209 2477 et
1228 2385 1263 2451 in

138 2484 201 2550 lico
227 2487 356 2570 quidem
386 2488 592 2554 dodrantales
620 2490 730 2575 paxilli
759 2490 826 2555 solo
855 2489 1017 2576 patefacto
1046 2499 1195 2555 seruntur
1217 2487 1264 2552 sic

139 2597 176 2652 ut
197 2588 394 2653 descendant
416 2611 500 2675 quae
521 2612 681 2676 proxuma
701 2590 810 2655 arbori
830 2589 960 2668 fuerint,
982 2591 1047 2656 duo
1068 2591 1152 2656 oculi
1172 2600 1263 2653 extra

139 2699 257 2753 terram
284 2689 463 2769 emineant3
493 2691 578 2756 oculi
605 2702 712 2756 autem
738 2692 772 2755 in
799 2676 948 2756 arborum
976 2690 1111 2755 surculis
1133 2688 1263 2774 proprie

139 2800 309 2869 vocantur,
336 2792 424 2857 unde
445 2792 675 2880 germinantur.
713 2791 788 2858 Hac
809 2793 851 2858 de
872 2813 970 2857 causa
990 2802 1023 2856 et
1043 2791 1077 2855 in
1098 2788 1264 2877 plantariis
1277 2800 1325 2846 ¹⁵⁶

139 2890 310 2975 aliquando
337 2892 451 2958 eodem
477 2915 561 2958 anno
589 2894 697 2958 ferunt
725 2914 807 2977 quos
834 2894 922 2959 fuere
948 2893 1045 2959 laturi
1073 2893 1202 2958 fructus
1228 2891 1263 2956 in

138 2991 268 3070 arbore,
291 3014 364 3058 cum
387 2993 576 3080 tempestive
596 2995 658 3060 sati
677 3006 893 3084 praegnantes
906 2995 1072 3061 inchoatos
1087 3004 1263 3081 conceptus

138 3093 238 3158 aliubi
265 3094 404 3178 pariunt.
440 3095 491 3160 Ita
519 3107 603 3162 satas
630 3097 709 3164 ficos
737 3097 830 3162 tertio
859 3119 942 3164 anno
965 3098 1136 3163 transferre
1156 3094 1261 3162 facile.

137 3266 185 3315 lec.
207 3265 302 3326 seritur,
317 3263 410 3333 adssr.
425 3267 531 3333 sodiuar,
549 3271 631 3320 altera
642 3272 800 3336 Dalecampii
813 3273 959 3322 coniectura
970 3279 996 3321 ot
1007 3270 1153 3322 Schneider.
1166 3273 1198 3320 ad
1211 3271 1262 3322 Go-

137 3333 386 3395 lumell.1v,aa‚s.
405 3376 436 3385 -
454 3340 661 3400 ennumquam.
685 3338 826 3402 hamumque,
838 3335 909 3400 adst.
928 3380 958 3389 ..
973 3339 1121 3403 fructificat,
1133 3355 1154 3389 r.
1174 3380 1204 3388 -
1223 3355 1262 3388 co·

138 3398 211 3461 maa,
224 3417 247 3450 a.
267 3442 298 3450 -
318 3401 420 3451 diximus
434 3410 474 3465 16,
488 3410 536 3455 139
549 3421 618 3469 seqq.

172 3484 258 3547 5152.
284 3485 392 3548 meula,
408 3491 453 3538 sd.
479 3487 576 3549 surculi,
591 3491 697 3541 Barbar.
713 3487 744 3552 β.
764 3532 794 3540 -
822 3497 918 3551 autern,
931 3492 977 3541 ad.
1004 3499 1145 3554 naturneat,
1157 3487 1210 3557 βγ.
1229 3532 1261 3541 ..

135 3551 267 3616 peniculoti
273 3552 373 3616 -ηοᾰί,
386 3556 460 3606 Tad.
476 3556 654 3621 pent‘culatair-
662 3557 737 3619 nodia,
748 3554 778 3619 β.
795 3600 826 3609 ..
844 3557 961 3623 listulas,
973 3560 1063 3610 Dalec.
1075 3568 1101 3610 et
1113 3559 1261 3612 Schneider.

137 3623 169 3671 ad
179 3621 317 3672 Columell.
330 3622 378 3672 IV.
392 3629 432 3684 29,
445 3631 469 3674 8.
481 3633 506 3673 et
515 3625 547 3675 ad
557 3627 689 3690 Theophr.
701 3628 732 3676 T.
744 3627 777 3676 V.
790 3641 816 3691 p.
829 3631 887 3678 267.
898 3667 929 3677 ..
943 3643 1066 3689 summam,
1079 3630 1103 3678 d.
1113 3669 1144 3678 -
1157 3625 1261 3687 ortt’cula',

137 3690 161 3738 d.
182 3730 212 3738 -
231 3689 458 3750 lis,Dinraaura.
486 3690 578 3754 duaa
604 3691 695 3755 duod.
722 3691 880 3759 dachus,fl7.
898 3736 930 3745 -
954 3694 1120 3758 aodi,'l‘adr.
1144 3689 1261 3755 taediali.

138 3754 342 3815 eaodearbar.

170 3843 256 3904 5153.
282 3841 394 3904 adimere,
411 3861 434 3894 a.
455 3884 484 3894 ..
512 3844 663 3908 superiorem
680 3847 713 3896 Κ.
734 3889 764 3896 -
792 3845 978 3908 harundinem,
993 3852 1049 3898 loe.
1069 3886 1100 3894 -
1119 3842 1208 3907 semla
1222 3849 1261 3905 1³,

138 3914 194 3958 122.
214 3951 246 3959 ..
269 3912 479 3973 quarum,Daleo.
499 3953 529 3962 -
553 3910 656 3973 dumo,
673 3917 718 3964 ad.
739 3955 769 3964 ..
790 3912 922 3977 maniam,
938 3916 1026 3966 Dalec.
1046 3954 1077 3963 -
1095 3910 1172 3974 facil,
1184 3913 1260 3963 Tul·

128 3972 263 4042 fecitssr.
282 4020 312 4027 -
332 3977 417 4040 omna,
430 3995 452 4030 a.
472 4022 502 4031 ..
522 3977 664 4041 dexteras.
682 3977 860 4048 deatradssr.

170 4061 256 4121 §rsa
279 4060 355 4112 meda
365 4063 486 4123 maan.
506 4106 537 4116 -
558 4064 654 4130 parua,
671 4058 730 4117 θΚ.
760 4066 845 4128 mitte
859 4067 932 4117 Tau.
956 4063 1056 4130 pavito,
1068 4059 1098 4124 β.
1118 4105 1148 4113 -
1173 4064 1260 4128 peras

136 4137 232 4189 uantur,
248 4122 296 4180 θα.
313 4129 456 4194 permittant,
469 4127 540 4195 ᾱβγ.

169 4215 256 4278 §lto
274 4230 356 4278 aqum,
369 4216 393 4264 d.
411 4229 497 4277 aquas,
509 4231 532 4264 a
553 4257 582 4266 -
594 4217 676 4280 fuere,
689 4222 712 4268 d.
723 4217 812 4283 fluere,
824 4234 847 4268 a.
865 4259 896 4269 -
914 4223 1086 4281 prophetans.
1101 4256 1132 4268 ..
1147 4217 1260 4282 parianu

135 4280 201 4330 Plin.
213 4283 313 4333 videtur
321 4280 422 4345 parim
432 4282 570 4346 scripsisse.
590 4324 620 4334 ..
631 4285 718 4348 facile,
730 4301 753 4336 a.
764 4284 845 4349 facile
856 4294 898 4347 art,
910 4286 964 4337 Τὰ.
