2896 4792
193 266 255 329 212
543 281 747 327 uarunanrs
771 280 966 327 nrsromsn

191 432 284 499 annis
306 429 452 497 accidere
475 451 538 496 non
560 451 654 515 posse
675 440 806 516 propter
833 441 935 497 statos
958 430 1100 497 siderum
1122 453 1235 498 cursus
1256 454 1316 498 nec

189 533 251 599 nisi
280 531 393 617 paucis
420 529 569 597 noctibus
598 531 688 609 anni,
721 532 819 617 idque
840 531 970 616 quando
991 533 1137 601 futurum
1159 533 1200 598 sit
1221 533 1316 600 facile

189 634 295 709 nosci3
331 655 369 699 ac
397 655 438 697 ne
466 654 525 718 per
551 632 656 699 omnis
682 654 808 698 menses
836 633 1016 712 timeretur,
1051 655 1161 700 earum
1188 657 1315 718 quoque

187 737 259 822 lege
293 734 434 801 divisum
467 745 589 800 aestate
630 735 801 800 interlunia
828 745 1054 821 praeterquam
1080 735 1180 802 biduo
1203 758 1316 802 secura

188 859 273 914 esse,
296 837 401 903 hieme
423 835 618 923 plenilunia‚
652 858 713 902 nec
734 836 795 901 nisi
818 837 950 903 aestivis
964 837 1227 922 brevissimisque
1253 858 1314 903 no·

188 937 293 1005 ctibns
314 939 432 1016 metui,
461 937 574 1003 diebus
603 958 667 1003 non
694 937 772 1002 iten'r
793 937 915 1013 valere3
945 949 1111 1022 praeterea
1133 950 1199 1004 tam
1221 938 1315 1004 facile
1329 957 1378 1001 aaa

186 1041 333 1126 intellegi
361 1050 398 1105 ut
424 1039 557 1105 somnies
592 1038 771 1103 minumum
810 1038 929 1103 animal
954 1038 1125 1107 interlunio
1158 1039 1313 1123 quiescat,

186 1141 365 1227 plenilunio
394 1138 491 1208 etiam
522 1140 670 1206 noctibus
706 1151 874 1225 operetur,
908 1162 1002 1205 avem
1033 1163 1162 1227 parram
1193 1140 1314 1205 oriente

187 1241 277 1307 sirio
293 1241 364 1327 ipso
386 1241 439 1306 die
460 1263 524 1306 non
546 1240 718 1326 adparere,
742 1241 844 1305 donec
864 1240 1004 1318 occidat,
1027 1241 1193 1307 ediverso
1214 1241 1313 1306 virio-

186 1366 260 1409 nsm
288 1343 418 1429 prodire
444 1343 516 1429 ipso
545 1342 660 1408 solstiti
688 1329 756 1419 d'ie,
789 1352 940 1407 neutrum
967 1362 1044 1408 vero
1070 1343 1166 1408 lunae
1194 1351 1314 1406 statum

185 1445 318 1512 noxium
339 1467 427 1522 esse,
454 1466 496 1509 ne
517 1443 667 1509 noctibus
688 1443 818 1527 quidem
845 1442 907 1508 nisi
930 1443 1051 1508 serenis
1073 1453 1106 1510 et
1127 1442 1214 1508 cinni
1236 1464 1315 1508 aura

185 1545 387 1629 quiescente,
421 1544 572 1629 quoniam
603 1565 708 1627 neque
730 1543 764 1608 in
793 1541 879 1608 nube
912 1562 1017 1627 neque
1038 1543 1073 1608 in
1094 1542 1172 1609 flatu
1194 1539 1314 1608 cadunt
1369 1581 1377 1590 ,

184 1668 288 1724 rores3
314 1645 360 1711 sic
383 1666 512 1730 quoque
533 1667 597 1709 non
620 1644 689 1709 sine
710 1644 865 1710 remedio.

226 1744 476 1813 rasamenta
496 1754 560 1812 aut'
572 1746 738 1831 palearum
760 1767 892 1811 acervos
915 1755 946 1810 et
969 1747 1095 1811 evolsas
1109 1745 1226 1811 herbas
1241 1744 1312 1809 fru-
1327 1761 1376 1806 aaa

185 1851 327 1934 ticesque
350 1870 409 1932 per
430 1846 542 1912 vineas
564 1868 773 1932 camposque,
796 1867 869 1911 cum
892 1846 1034 1924 timebis,
1057 1845 1237 1921 incondito3
1260 1845 1311 1910 iu·

184 1972 258 2017 mus
285 1948 475 2015 medebitur.
514 1947 580 2012 Hic
609 1969 627 2012 e
649 1947 750 2033 paleis
777 1959 814 2012 et
836 1958 949 2013 contra
969 1947 1105 2014 nebulas
1127 1946 1311 2025 auxiliatur,

185 2050 241 2117 ubi
263 2051 399 2117 nebulae
421 2059 547 2114 nocent.
586 2045 729 2130 Quidam
756 2049 814 2113 tris
836 2070 970 2114 cancros
992 2050 1083 2115 vivos
1105 2049 1239 2116 cremari
1259 2048 1312 2114 iu-

117 2148 124 2155 ’
184 2152 262 2218 bent
282 2151 316 2215 in
338 2149 492 2227 arbustis,
514 2161 552 2215 ut
573 2148 844 2216 carbunculi'non
867 2160 1005 2216 noceant
1012 2176 1020 2226 ;
1051 2151 1106 2216 alii
1127 2150 1218 2216 siluri
1239 2171 1310 2214 car-

185 2276 261 2321 nem
281 2252 395 2318 leviter
416 2251 467 2316 uri
489 2274 508 2315 a
529 2262 640 2330 vento,
662 2261 700 2315 ut
720 2273 779 2338 per
801 2260 900 2316 totam
920 2251 1047 2317 ¹vineam
1064 2252 1171 2316 fumus
1186 2250 1311 2336 disper·

184 2364 290 2441 gatur.
312 2353 418 2419 Varro
437 2363 550 2418 auctor
573 2362 631 2430 est,
655 2351 682 2418 si
702 2351 850 2417 fidiculae
869 2375 995 2430 occasu,
1017 2354 1105 2437 quod
1120 2361 1170 2419 est
1186 2351 1312 2416 initium
1324 2367 1373 2412 aas

188 2454 346 2532 autumni,
379 2476 442 2519 uva
474 2453 562 2539 picta
594 2463 799 2520 consecretur
828 2453 911 2543 inter
936 2453 1028 2532 vitis,
1061 2453 1168 2521 minus
1194 2474 1311 2518 nocere

187 2566 405 2640 tempestates.
427 2553 602 2620 Archibius
623 2554 665 2619 ad
686 2551 882 2620 Antiochum
905 2550 1019 2638 Syriae
1039 2577 1150 2643 regem
1171 2554 1311 2640 scripsit,

187 2657 214 2722 si
240 2657 331 2723 fictili
359 2678 443 2722 novo
471 2656 624 2721 obruatur
650 2654 765 2720 rubeta
789 2678 868 2723 rana
895 2655 930 2718 in
956 2656 1062 2722 media
1084 2667 1211 2744 segete,
1246 2677 1311 2722 non

179 2782 256 2845 ‘esse
277 2759 390 2825 noxias
412 2766 627 2842 tempestates.

229 2863 280 2924 71.
309 2857 419 2944 Opera
441 2857 561 2922 rustica
582 2856 678 2922 buius
703 2857 865 2923 intervalli
888 2868 1004 2923 terram
1023 2860 1157 2938 iterare,
1180 2859 1310 2924 arbores
1323 2872 1372 2917 29⁵

186 2959 432 3035 circumfodere,
468 2958 524 3024 ubi
564 2968 713 3029 aestuosa
744 2958 836 3046 regio
867 2969 980 3044 poscat
1015 2961 1235 3038 adcumulare,
1268 3014 1309 3024 ..

186 3058 398 3149 germinantia
429 3059 492 3124 nisi
524 3058 558 3122 in
591 3058 658 3124 solo
690 3059 854 3124 luxurioso
885 3060 1036 3126 fodienda
1060 3084 1125 3127 non
1155 3071 1245 3138 sunt,
1268 3114 1310 3124 .-

187 3159 356 3227 seminaria
370 3182 509 3248 purgare
525 3161 660 3238 sarculo,
682 3180 820 3225 messem
833 3160 1044 3227 hordeaceam
1059 3164 1180 3239 facere,
1203 3183 1311 3226 aream

219 3306 302 3360 stoma,
319 3302 402 3351 schol.
420 3302 539 3352 German.
565 3307 672 3360 statutos,
688 3301 733 3350 ad.
754 3339 785 3349 ..
812 3300 844 3349 sit
850 3300 973 3364 faturum,
984 3303 1009 3351 d.
1032 3341 1064 3351 ..
1088 3307 1211 3361 reametur,
1229 3316 1252 3349 a.
1276 3339 1308 3350 ..

189 3382 270 3416 samm
282 3370 516 3431 quoquadtschol.
527 3366 659 3429 German.)
685 3381 854 3430 eorumquae„
881 3365 992 3416 boraram
1004 3369 1181 3432 aequarint.
1204 3407 1236 3417 ..
1263 3383 1310 3415 nou

189 3432 277 3496 aaa,
289 3451 302 3485 r
314 3434 406 3498 (schol.
419 3433 551 3496 German.)
570 3475 601 3484 ..
620 3433 682 3495 itera,
695 3451 707 3484 r
719 3435 814 3496 (schol.
827 3433 960 3497 German.)
978 3435 1020 3496 ita,
1033 3437 1085 3485 Τὰ.
1104 3432 1172 3494 idem,
1185 3430 1227 3494 αβ
1233 3447 1258 3496 γ.

220 3500 236 3561 ὅ
248 3507 306 3553 292.
325 3510 391 3566 mma
403 3504 503 3554 Plinius
514 3503 614 3552 videtur
624 3502 674 3553 iam
684 3503 821 3567 scripsisse.
840 3542 871 3552 ..
890 3501 961 3551 strum
978 3501 1083 3550 necabar
1094 3507 1210 3564 operetur,
1225 3501 1308 3550 schol.

187 3568 307 3621 German.
325 3578 433 3634 operetur
443 3569 514 3619 etiam
526 3569 696 3629 sueabraed.
709 3610 741 3622 ..
752 3585 860 3634 porrum,
873 3570 896 3618 d
911 3583 1010 3632 parma,
1021 3569 1101 3619 schol.
1114 3568 1233 3619 German.
1248 3583 1309 3630 par-

186 3650 249 3699 acta,
261 3653 284 3687 a.
298 3677 330 3688 -
348 3636 430 3699 donec,
442 3639 459 3687 d
470 3635 564 3699 (schol.
577 3636 710 3700 German.)
727 3635 840 3698 aldeam
852 3638 904 3687 Ta.
918 3674 949 3686 ..
961 3634 1081 3697 monem,
1093 3636 1174 3685 schol.
1188 3635 1308 3686 Gennan.

187 3703 297 3765 amonem,
309 3722 332 3756 a.
354 3702 503 3765 chlorionem,
515 3706 589 3768 Tdy.
608 3704 731 3767 circanam,
742 3701 772 3766 β.
791 3742 823 3754 -
837 3700 947 3766 prodere,
960 3718 984 3753 a.
1002 3742 1034 3752 ..
1057 3701 1154 3752 solstitii
1169 3700 1214 3764 dic,
1226 3703 1308 3753 schol.

187 3770 307 3823 German.
330 3770 368 3820 dle
383 3769 486 3833 solstitii,
498 3768 590 3836 adssr.
611 3813 639 3822 -
659 3787 695 3834 ae,
712 3773 793 3824 schot.
807 3771 927 3822 German.
948 3784 998 3830 aco,
1009 3771 1054 3819 ad.
1075 3810 1106 3820 ..
1124 3769 1189 3819 omni
1203 3772 1309 3832 carad

186 3836 282 3899 (schol.
294 3838 428 3901 German.)
446 3838 590 3901 omnisvera,
602 3855 625 3890 a.

221 3909 306 3970 5293.
332 3904 516 3968 uatd(schol.
528 3904 660 3967 German.)
686 3903 795 3970 spada
818 3944 849 3953 ..
875 3901 1162 3966 carbasea-noceant,
1179 3922 1196 3955 a
1212 3903 1306 3967 (schol.

185 3970 320 4090 1German.)
343 3973 697 4036 commaculas-noceat'sd.
716 4012 748 4021 ..
769 3968 895 4031 misma.
919 4010 950 4021 ..
978 3971 1159 4022 uriutuvento
1167 3979 1307 4037 perrosum,

208 4041 253 4091 int.

220 4108 307 4171 5194.
333 4117 416 4159 mutor
428 4117 470 4170 est,
482 4110 563 4159 schol.
577 4109 694 4160 German.
713 4113 796 4154 sacar
807 4113 837 4164 at,
848 4109 894 4156 ad.
912 4148 944 4156 -
962 4107 1086 4170 suspica,
1096 4109 1177 4158 schol.
1187 4107 1307 4159 German.

188 4212 219 4222 ..
238 4175 359 4238 obruatur,
373 4179 396 4226 d.
416 4178 560 4235 observatur,
573 4192 595 4226 a.
614 4174 724 4223 obserata
736 4175 857 4235 obruatur,
870 4175 950 4226 schol.
963 4175 1082 4226 German.
1102 4217 1133 4225 ..
1157 4190 1228 4234 rana,
1241 4176 1309 4224 delet

186 4241 253 4291 Pint.
