2896 4792
195 295 262 360 elo
551 272 756 361 sinemus
778 314 973 362 mercarer

238 463 292 528 82.
313 459 406 527 Seria
426 472 460 526 et
478 463 553 548 ipss
570 461 715 530 lactum
737 463 897 531 simillima
918 467 1055 532 ducrum
1075 488 1230 555 generum
1252 480 1322 550 θοις
1342 488 1376 535 re

198 563 352 631 silvestris
379 562 508 641 mehor,
536 563 632 651 nigra
656 565 719 630 ista
747 576 781 631 ct
805 566 944 644 aestiva3
971 567 1112 634 deterior
1131 569 1267 635 hiberna
1289 582 1325 636 et

194 663 371 764 candidior.
408 662 558 749 Utraque
586 686 712 746 amara,
746 667 910 734 stunacho
936 669 1121 750 utilissima,
1147 672 1325 758 praecipue

193 788 291 852 quem
311 788 406 832 umor
426 775 523 832 vexet
529 790 538 843 ;
569 786 643 833 cum
663 776 753 834 aceto
774 768 809 833 in
831 769 904 835 oibo
925 770 1118 859 refrigerant
1140 773 1192 838 sel
1212 773 1324 839 inlitae

193 869 432 953 discutiuntque
459 879 491 933 et
517 867 597 934 alios
623 890 720 953 quam
749 869 914 936 stomachi.
952 868 1040 936 Cum
1066 874 1196 958 polenta
1220 874 1323 940 silve·
1340 889 1374 940 77

194 968 309 1036 sirium
328 970 455 1035 mdiues
477 968 633 1034 stomachi
649 990 748 1036 causa
768 970 941 1037 sorbentur
960 983 993 1037 et
1008 973 1164 1040 cardiacis
1177 974 1323 1040 inlinun-

195 1082 249 1137 tur
276 1093 373 1157 super
399 1070 563 1136 sinistram
589 1092 768 1136 mammam.
805 1070 852 1135 Et
877 1093 919 1136 ex
946 1083 1037 1138 aceto
1063 1096 1174 1140 omnes
1198 1075 1260 1141 hae
1288 1089 1324 1142 ct

194 1173 379 1263 podagricis
400 1171 497 1238 utiles
519 1182 551 1237 et
572 1171 761 1260 sanguinem
783 1171 999 1251 reicientibus,
1021 1174 1098 1239 item
1118 1174 1238 1259 quibus
1259 1199 1321 1264 ge·

195 1275 304 1340 nitur-a
328 1272 422 1352 fluat,
451 1272 574 1339 alterno
601 1273 727 1340 dicrum
748 1284 836 1360 potu
872 1273 1043 1341 Petronius
1069 1275 1230 1342 Diodotus
1264 1278 1322 1362 qui

194 1374 465 1463 anthologumena
487 1375 616 1460 scripsit
639 1375 676 1439 in
704 1384 806 1441 totum
828 1374 992 1440 damnavit
1014 1376 1109 1441 serim
1125 1378 1235 1442 multis
1248 1399 1321 1444 mo·

194 1476 247 1543 dis
268 1496 423 1566 arguens,
445 1476 504 1542 sed
525 1476 661 1543 eliorum
682 1477 824 1542 omnium
842 1476 954 1562 opinio
976 1478 1105 1543 resistit

236 1576 301 1643 IX„
321 1576 375 1644 38.
396 1576 568 1644 Brassicae
582 1577 695 1644 laudes
709 1577 841 1666 longum
855 1583 905 1643 est
919 1577 1063 1660 exsequi,
1085 1598 1159 1642 cum
1168 1590 1202 1644 et
1213 1577 1321 1664 Chry·
1338 1596 1371 1644 ss

195 1679 309 1766 sippns
333 1678 480 1746 medicus
505 1678 657 1766 privatim
684 1678 833 1745 volumen
858 1677 890 1743 ei
916 1677 1073 1744 dicaverit
1102 1700 1162 1765 per
1191 1680 1323 1770 singnis

193 1779 339 1846 membra
359 1780 498 1847 hominis
520 1780 698 1868 digestum,
727 1789 760 1846 ct
781 1777 963 1857 Dieuches,
990 1789 1065 1846 ante
1085 1782 1190 1846 omnis
1211 1793 1322 1849 autem

193 1880 410 1967 Pythagoras,
433 1891 466 1946 et
487 1878 570 1946 Cato
591 1902 656 1946 non
676 1880 807 1966 parcius
823 1879 1051 1958 celebraverit,
1079 1881 1172 1947 cuius
1191 1894 1322 1950 senten-

194 1981 272 2047 tiam
298 1982 350 2048 vel
379 1988 418 2049 e'o
444 1981 633 2068 diligentius
662 1981 816 2070 persequi
840 1998 902 2066 par
928 1991 980 2047 est
1012 1992 1050 2047 ut
1070 1993 1223 2048 noscstm
1253 2002 1322 2068 qus

193 2082 357 2148 medicina
382 2100 463 2150 usus
483 2083 528 2149 sit
547 2083 642 2150 annis
662 2103 705 2148 no
726 2083 893 2148 Romanus
913 2082 1064 2169 populns.
1100 2083 1142 2148 In
1163 2084 1220 2150 tris
1240 2107 1321 2172 spe-
1339 2098 1373 2147 ss

193 2183 259 2249 cies
281 2183 419 2250 divisere
441 2206 511 2249 eam
542 2182 662 2250 Graeci
689 2183 921 2266 antiquissimi:
950 2185 1088 2270 crispam
1120 2207 1217 2270 quam
1243 2186 1323 2252 seli-

192 2282 310 2350 noidea
346 2296 546 2351 vocaverunt
578 2306 599 2349 a
618 2282 844 2349 similitudine
868 2284 926 2369 api
948 2284 1119 2363 soliorum,
1157 2287 1324 2354 stomacho

192 2385 316 2464 utilem,
337 2386 441 2452 alvom
462 2386 587 2462 modice
607 2385 819 2461 mollientem3
844 2385 983 2450 'alteram
1004 2386 1121 2452 heliam
1141 2387 1214 2452 latis
1233 2387 1323 2455 foliis

187 2508 211 2552 ·e
231 2488 323 2554 caule
344 2487 547 2566 exeuntibus,
567 2485 656 2552 unde
676 2485 845 2552 caulodem
865 2487 996 2570 quidam
1010 2509 1178 2568 vocavere,
1199 2489 1322 2556 nullius

190 2587 226 2653 in
251 2584 411 2654 medicina
436 2588 606 2666 momenti3
639 2588 734 2652 tertia
757 2596 808 2652 est
835 2587 965 2674 proprie
990 2589 1151 2674 appellata
1176 2589 1321 2668 crambe,

192 2691 391 2757 tenuioribus
411 2691 498 2756 foliis
519 2699 552 2755 et
574 2688 774 2774 simplicibus
796 2688 1073 2774 densissimisque,
1099 2690 1237 2755 amarior
1258 2691 1321 2757 sed

192 2792 422 2858 efficacissima
447 2789 529 2858 Cato
545 2789 684 2876 crispam
697 2811 847 2855 maxume
861 2789 988 2876 probat,
1010 2790 1085 2856 dein
1099 2792 1203 2856 levem
1217 2813 1319 2877 gran-
1335 2806 1372 2854 ec

191 2886 288 2961 dibus
307 2890 404 2970 foliis,
426 2891 517 2963 caule
538 2906 675 2977 magn03
707 2890 862 2978 prodesse
884 2888 982 2956 tradit
1002 2891 1118 2978 capitis
1139 2890 1320 2971 doloribus,

189 2994 358 3059 oculorum
379 2991 510 3081 caligini
533 2990 884 3076 scintillationibusque,
907 2991 999 3071 lieni,
1023 2992 1200 3072 stomacho,
1223 3015 1319 3078 prae·

190 3093 309 3158 cordiis
336 3092 468 3157 crudam
497 3114 539 3159 ex
564 3102 658 3158 coeto
679 3103 712 3158 et
732 3091 842 3170 melle,
871 3091 1054 3172 comandro,
1080 3105 1168 3172 ruta,
1194 3102 1317 3173 menta,

189 3192 302 3261 laseris
329 3188 474 3260 radicula
500 3203 661 3280 sumptam
685 3190 864 3260 acetabulis
891 3190 1019 3260 duobus
1039 3194 1214 3272 matutino,
1243 3206 1318 3264 tau·

224 3403 292 3466 976.
318 3399 760 3467 conquassationem&
775 3402 870 3453 estad.
895 3400 938 3453 De
954 3414 981 3452 rc
996 3417 1020 3453 r.
1032 3402 1150 3455 Dicseor⁴
1167 3410 1192 3464 2,
1207 3407 1263 3453 159.
1281 3443 1315 3454 ..

189 3483 285 3530 amora,
298 3463 399 3521 orso.
425 3477 467 3532 cst,
482 3486 503 3520 r.
531 3463 657 3531 turnsass.
675 3509 706 3520 ..
725 3465 862 3531 atilisdmc,
877 3471 922 3519 ad.
948 3466 1081 3532 ιιείἱὲεείηιο,
1096 3463 1154 3523 OT.
1173 3508 1204 3521 ..
1224 3468 1317 3533 leam,
1411 3497 1414 3505 ·

71 3546 75 3553 '
189 3536 263 3587 'raa
282 3552 347 3598 uror,
362 3529 391 3587 θ.
409 3577 442 3588 ..
459 3545 534 3600 vexet,
547 3533 621 3588 Teu.
639 3543 717 3597 uexat,
728 3526 778 3601 βγ.
796 3576 830 3587 -
848 3534 913 3585 clius
924 3551 1021 3598 aquom,
1032 3539 1065 3588 K.

223 3604 292 3670 577.
315 3601 432 3653 stomachi
441 3618 524 3667 cansa,
535 3605 581 3655 ad.
606 3602 764 3664 mechiris,
780 3604 813 3654 K.
836 3643 868 3654 ..
894 3599 1171 3667 Eteancsto,9‘l'sd.
1199 3612 1316 3667 aecem,

183 3665 232 3736 βγ
247 3673 281 3721 ad
296 3673 428 3736 superiora
443 3672 586 3724 relerentes.
608 3671 660 3732 Qui
676 3686 737 3720 vcro
754 3672 843 3721 eadem
854 3686 920 3734 qnae
930 3670 1029 3722 Plinius
1042 3674 1073 3722 de
1085 3672 1259 3723 cardiacorum
1271 3686 1316 3722 cn.

183 3738 286 3789 sarlone
297 3748 410 3801 nunant,
421 3741 549 3804 Didymus
559 3739 708 3803 lumper.
719 3736 782 3789 ΧΠ.
795 3740 838 3800 77,
848 3742 873 3788 7.
886 3746 912 3788 et
922 3738 988 3788 Plin.
1001 3739 1087 3790 valer.
1098 3745 1124 3802 3,
1136 3744 1184 3801 11,
1197 3741 1228 3789 de
1239 3746 1315 3790 coetu

180 3807 307 3857 admixto·
314 3808 383 3857 nihil
394 3804 513 3858 referunt
532 3847 564 3857 ..
587 3802 653 3866 icas,
669 3806 715 3855 ad.
732 3845 764 3855 ..
788 3812 812 3853 et
826 3812 885 3855 ante
899 3804 1004 3871 podoqr·
1020 3820 1072 3856 om.
1084 3809 1108 3857 d.
1126 3847 1158 3857 -
1180 3804 1316 3871 pertituros,

188 3874 213 3923 d
233 3913 263 3924 ..
281 3874 358 3938 fluct,
372 3869 420 3923 Oa
438 3874 531 3938 fluant,
548 3875 573 3924 d.
591 3868 701 3941 fluihst·
722 3912 753 3923 -
775 3871 859 3934 altero,
874 3864 903 3923 θ.
922 3913 953 3923 ..
977 3872 1182 3952 cathloprtmena
1198 3868 1313 3924 Pincv.

186 3938 390 4058 W
407 3939 460 3993 Τὼ
486 3938 703 4005 accusemne,
720 3953 746 3990 a.
771 3936 1003 4005 onfflqnnreuuffl.
1025 3980 1057 3992 ,„
1084 3956 1180 4003 eman,
1201 3933 1249 3992 02,
1276 3956 1315 3990 «ρ.

216 4038 289 4139 cie.
309 4072 563 4140 squameas.
586 4072 667 4135 arm
687 4108 717 4125 ..
740 4071 903 4136 Demeas.
925 4073 1097 4137 uacare
1117 4114 1148 4125 ..
1169 4070 1314 4126 aaron

184 4140 390 4193 nsciis-lal-
410 4180 438 4191 -
467 4139 690 4203 nemeacus
716 4137 931 4208 οάὺνωὺιςβγ.
950 4182 982 4195 ..
1007 4141 1135 4204 velaqa.
1163 4140 1259 4201 noan.
1278 4176 1312 4192 ..-

185 4212 350 4273 muamus,
364 4207 419 4260 ‘re
437 4246 469 4261 ..
491 4207 618 4261 Meu
629 4207 739 4272 populis,
755 4211 839 4262 omlis.
851 4211 889 4261 ad
905 4208 945 4274 (st
960 4226 1050 4265 omnes
1060 4211 1135 4261 codd
1149 4207 1247 4272 Ram),
1262 4210 1312 4260 ssd

186 4276 305 4339 agnoscit
316 4276 381 4326 haec
391 4276 470 4329 verba
480 4276 547 4330 run.
559 4276 645 4329 Valet.
658 4283 683 4339 4,
695 4280 736 4328 2⁹.
1189 4306 1192 4310 -
