2896 4792
370 271 439 318 nra.
455 272 514 317 xx.
544 269 622 317 cnr.
639 271 741 317 xv111.
756 272 830 319 xix.
858 270 955 319 secr.
972 271 1054 315 rs-ao.
1202 254 1263 319 341

1369 354 1392 391 'fl'

144 422 358 488 iumentorum
373 430 496 486 sanant.
520 419 628 486 Radix
649 421 806 487 acetabuli
818 443 969 487 mensura
984 431 1076 486 cocta
1089 421 1123 485 in
1137 420 1265 489 duobus

145 521 293 588 sextariis
321 523 364 589 ad
385 521 534 587 dimidias
561 521 656 586 datur
685 523 728 588 ad
748 521 930 588 lumborum
952 521 1030 589 vitia
1052 533 1085 586 et
1105 521 1265 588 iocineris.

145 621 359 689 carbunculis
385 623 554 688 medentur
581 643 622 688 ex
649 622 743 689 melle
769 623 855 689 folia.
898 621 1041 706 Quidam
1072 621 1133 688 hoc
1163 644 1267 711 genus

145 724 294 809 glaucion
315 737 441 801 vocant,
470 723 524 788 alii
539 724 713 809 paralium;
742 725 884 791 nascitur
909 724 1041 790 enimin
1063 723 1184 791 adflatu
1197 746 1266 790 ma·
1317 736 1321 743 “

145 825 191 891 ris
211 836 268 890 aut
289 827 410 890 nitroso
431 827 512 890 loco.

188 927 238 991 79.
260 926 408 991 Alterum
443 948 460 990 e
489 926 690 992 silvestribus
725 949 829 1014 genus
860 927 1023 992 heraclion
1050 934 1197 1004 vocatur,
1226 925 1267 992 ab
1281 942 1329 988 aot

145 1026 216 1091 aliis
237 1027 372 1113 aphros,
393 1026 489 1103 foliis,
513 1027 541 1091 si
568 1028 681 1111 procul
706 1028 880 1104 intuearis,
909 1026 1072 1113 specimen
1100 1048 1268 1112 passerum

144 1127 385 1211 praebentibus,
408 1127 516 1191 radice
537 1127 572 1190 in
593 1149 718 1193 summa
740 1137 843 1194 terrae
864 1138 953 1204 cute,
981 1127 1103 1193 semine
1124 1148 1267 1213 spumeo

144 1227 196 1291 Ex
218 1228 279 1293 hoc
304 1229 370 1292 lina
400 1228 601 1313 splendorem
632 1228 760 1294 trahunt
787 1237 918 1293 aestate.
952 1228 1116 1293 Tunditur
1142 1226 1177 1291 in
1202 1226 1270 1312 pila
1359 1262 1362 1267 ·

144 1328 357 1394 comitialibus
379 1328 516 1407 morbis,
545 1329 702 1395 acetabuli
724 1350 874 1393 mensura
895 1328 930 1391 in
951 1329 1028 1393 vino
1049 1328 1139 1406 albo;
1168 1327 1268 1393 vomi·

145 1429 263 1495 tionem
287 1430 372 1496 enim
393 1430 481 1507 tacit,
504 1429 738 1496 medicamento
761 1428 847 1513 quod
869 1428 1037 1494 diacodion
1058 1439 1090 1495 et
1112 1428 1267 1495 arteriace
1313 1488 1317 1493 .

145 1541 281 1596 vocatur
301 1531 518 1596 utilissimum.
550 1529 606 1595 Fit
631 1541 741 1596 antem
761 1531 857 1595 huius
879 1530 1051 1616 papaveris
1077 1539 1133 1595 aut
1159 1529 1269 1594 cuius·
1283 1545 1332 1592 ros

145 1652 281 1716 cumque
306 1632 463 1697 silvestris
486 1630 647 1717 capitibus
663 1654 731 1697 cxx
753 1632 788 1696 in
814 1654 917 1715 aquae
945 1630 1091 1696 caelestis
1120 1628 1269 1697 sextariis

147 1730 248 1795 tribus
262 1731 361 1797 biduo
374 1733 544 1798 maceratis
566 1734 600 1798 in
614 1734 791 1818 eademque
813 1732 984 1808 discoctis;
1007 1731 1126 1797 deinde
1147 1731 1269 1797 siccato

144 1830 324 1916 iterumque
353 1856 425 1897 cum
453 1834 545 1900 melle
575 1834 743 1918 decoquito
771 1834 813 1899 ad
840 1833 990 1899 dimidias
1016 1831 1120 1918 partis
1148 1853 1267 1917 vapore

145 1932 250 2011 tenui;
278 1933 429 1998 addidere
456 1928 568 2020 postea
589 1934 758 2000 drachmas
781 1957 874 2000 senas
901 1933 1002 2012 croci,
1023 1932 1267 2020 hypocisthidis,

145 2034 236 2112 turis,
258 2037 386 2101 acaciae
404 2048 440 2100 et
463 2037 550 2123 passi
567 2035 690 2104 Cretici
714 2038 899 2119 sextarium.
921 2035 1014 2102 Haec
1035 2034 1251 2101 ostentatione
1258 2058 1267 2110 ;

145 2136 280 2223 simplex
301 2139 431 2221 quidem
457 2139 642 2224 etantiqua
663 2139 719 2205 illa
742 2139 912 2206 salubritas
933 2160 1096 2226 papavere
1119 2148 1152 2203 et
1172 2135 1265 2204 melle

143 2248 279 2302 constat.

187 2340 238 2402 80.
260 2338 406 2403 Tertium
419 2363 523 2424 genus
537 2351 586 2406 est
596 2341 795 2425 tithymalon,
805 2396 844 2404 ..
857 2363 990 2406 mecona
1003 2351 1127 2419 vocant,
1141 2339 1197 2406 alii
1209 2362 1269 2425 pa·
1283 2355 1331 2400 roa
1356 2394 1362 2405 ,

144 2438 255 2516 ralion,
267 2489 308 2502 ..
318 2441 392 2505 lolio
406 2440 473 2518 lini,
495 2440 580 2519 albo,
596 2442 699 2528 capite
714 2441 947 2527 magnitudinis
960 2441 1064 2506 fabae.
1097 2438 1270 2524 Colligitur

145 2562 209 2603 uva
230 2538 377 2618 florente,
408 2541 548 2606 siccatur
562 2541 597 2606 in
611 2542 735 2607 umbra.
765 2538 884 2605 Semen
898 2551 1011 2625 potum
1030 2550 1151 2627 purgat
1164 2539 1270 2604 alvom

145 2639 278 2705 dimidio
292 2639 458 2706 acetabulo
468 2642 502 2706 in
517 2643 631 2708 mulso.
648 2641 890 2726 Cuiuscumque
906 2651 1015 2706 autem
1029 2639 1199 2727 papaveris
1215 2661 1269 2706 ca-

145 2814 332 2929 ni⁸i.⁰⁰mll⁰s⁰m
344 2828 456 2931 pergam.
474 2811 577 2932 ἰαρκξγὸν
590 2811 622 2863 δὲ
633 2808 749 2879 μακρόν,
768 2809 917 2875 καμπύλον,
935 2807 1027 2877 ὥσπερ
1039 2808 1133 2876 κέρας,
1151 2812 1269 2863 Dioscor.

147 2921 178 2930 -
197 2896 271 2929 rama
294 2896 370 2940 o,a.
403 2896 511 2930 amco
559 2919 565 2931 .

179 2950 194 3011 ξ
206 2954 263 2999 206.
278 2947 426 3012 pluralium,
437 2950 493 2998 Vd.
508 2919 559 3013 'sor
569 2949 651 3011 alium,
663 2964 686 2999 a.
702 2947 823 3013 poralrbn,
834 2944 886 3012 βγ.
905 2988 938 3001 ..,
956 2945 1013 3009 loco,
1025 2948 1079 3011 Ya.
1098 2944 1155 3009 solo,
1167 2947 1218 2997 Τὰ

179 3014 194 3075 5
207 3018 264 3066 207.
282 3032 302 3077 e,
315 3017 388 3066 codd.
401 3015 458 3066 Gal.
477 3023 518 3077 eet,
530 3018 606 3067 Vad.
621 3059 651 3066 ..
670 3015 823 3076 salvamus,
834 3018 882 3066 Va
894 3013 981 3077 (codd.
994 3013 1066 3074 Gal.)
1083 3011 1233 3074 silvestrium,
1244 3016 1269 3063 d.

147 3124 178 3132 „.
196 3081 315 3132 laoclion
330 3091 436 3144 vocatur,
453 3085 526 3134 codd.
540 3085 596 3136 Gal.
624 3083 751 3133 heracliam
767 3091 871 3145 vocatur,
887 3101 911 3136 a.
936 3081 1067 3131 heracliam
1084 3089 1176 3144 vocant,
1187 3082 1221 3132 V.
1248 3090 1271 3130 et

146 3158 243 3198 vocatur
255 3149 391 3208 heraclium,
403 3155 428 3200 d.
441 3192 472 3200 -
490 3151 591 3215 ephron,
602 3169 619 3202 a
630 3150 715 3215 (codd.
725 3149 796 3214 Gel.)
813 3150 898 3215 aphro,
908 3152 955 3201 Vd
967 3148 1054 3212 (codd.
1067 3149 1175 3200 Salmas.
1188 3163 1269 3200 exerc.

145 3232 171 3280 p.
191 3221 247 3266 793.
264 3231 288 3266 a.
306 3216 352 3280 G.)
372 3259 401 3266 ..
426 3219 606 3280 praebentibus,
627 3219 707 3270 Gron.
725 3235 748 3269 a.
772 3235 834 3282 prae
846 3219 946 3279 sendus,
962 3219 990 3267 V
1005 3219 1082 3268 erasis
1102 3217 1271 3282 septemrtere

146 3285 243 3333 litteris.
268 3281 541 3346 praesumeremus.
568 3285 804 3350 repraesentantibus,
816 3287 854 3348 K;
871 3301 895 3336 v.
907 3286 1039 3335 Drakenb.
1052 3285 1085 3334 ad
1097 3286 1152 3335 Liv.
1166 3290 1207 3346 25,
1221 3290 1270 3346 16„

147 3353 178 3401 de
195 3366 222 3399 re
234 3351 365 3414 Theophr.
378 3352 437 3401 hist.
450 3353 530 3415 plant
542 3351 590 3402 IX.
605 3358 644 3413 12,
657 3360 681 3402 4.
693 3361 719 3402 et
729 3353 849 3403 Dioscor.
862 3360 886 3412 4,
899 3356 940 3404 ot.
959 3393 990 3402 ..
1009 3366 1132 3413 memma,
1150 3366 1196 3415 pro
1208 3352 1234 3401 h.
1246 3367 1269 3401 r.

146 3419 244 3467 habent
254 3419 340 3466 κακίαν
352 3419 426 3468 Vad.
445 3460 476 3468 ..
500 3419 655 3480 vomitionem,
670 3414 801 3470 OV'I'ad.
824 3419 966 3481 vomitiones,
980 3414 1009 3480 β.
1028 3459 1060 3468 ..
1084 3418 1153 3478 enim,
1165 3418 1270 3469 VTad.

147 3493 232 3546 actem,
243 3487 277 3535 Κ.
298 3527 329 3535 ..
356 3484 556 3548 medicamentum,
568 3491 592 3538 d.
612 3528 643 3536 ..
662 3485 791 3552 docodyon,
803 3488 837 3537 V.
861 3486 916 3536 dom
927 3483 1056 3552 pudicas.
1080 3483 1270 3546 dccodim,'l¹d.

147 3551 300 3615 dodecodt‘oo,
313 3555 380 3604 Pint.
401 3594 429 3602 ..
449 3553 574 3615 arteriace,
587 3555 670 3605 VTd.
688 3554 811 3616 acutiore,
823 3570 846 3604 a.

162 3623 266 3683 .§208.
292 3637 371 3684 oquae
386 3620 502 3682 caelestia,
519 3638 542 3671 a.
569 3638 648 3686 oquae
663 3620 771 3681 caelesti,
786 3623 820 3672 V.
847 3637 914 3684 aquo
929 3619 1032 3679 molesti,
1049 3623 1073 3671 d.
1096 3663 1126 3672 -
1154 3618 1270 3681 dt'acoctis,

147 3689 223 3737 Vad.
250 3686 387 3749 dacotm'l'.
414 3688 522 3751 decoctae
538 3692 571 3741 Κ.
591 3731 622 3740 ..
645 3688 708 3750 dein,
724 3691 775 3742 Td.
795 3731 824 3740 -
849 3689 944 3748 siccato,
960 3681 1090 3740 evuco.
1117 3687 1221 3747 siccatis,
1237 3688 1270 3738 Κ.

147 3755 257 3815 saccata,
272 3751 322 3819 βγ.
343 3797 373 3805 ..
400 3755 570 3820 itemquae.
596 3758 783 3818 iteramv'rd.
808 3797 838 3806 ..
866 3755 993 3820 demquito,
1010 3757 1047 3806 ita
1058 3772 1105 3806 nos
1117 3756 1269 3818 scripsimus.

148 3819 249 3881 decocto,
262 3817 392 3874 evasa.
419 3821 588 3891 decoctas,st7.
609 3866 640 3875 ..
662 3823 704 3885 od,
722 3841 773 3874 om.
786 3841 809 3874 a.
829 3865 860 3874 ..
884 3831 969 3887 postea
979 3821 1091 3883 mamis,
1103 3823 1137 3874 V.
1163 3820 1271 3886 dropma's

145 3896 238 3950 posteo,
250 3892 293 3939 ad.
313 3930 344 3939 ..
361 3891 501 3951 securium,
513 3909 536 3942 a.
554 3892 667 3954 sextario,
679 3894 734 3944 Vd.
755 3933 787 3942 -
805 3890 858 3953 boc,
871 3894 895 3941 d.
915 3932 945 3941 -
964 3889 1086 3954 quiddam,
1099 3891 1123 3940 d.

183 3954 268 4014 §209.
292 3963 334 4018 art,
346 3958 379 4007 V.
400 3957 597 4010 Omitted.-
621 3959 842 4026 τίαιλιμκκαῑακΝ.
866 3958 1017 4019 tiethimalom,
1031 3960 1055 4008 d.
1077 3954 1231 4016 arbitralem,
1246 3972 1270 4006 a

149 4063 180 4072 -
200 4021 312 4082 meconio,
324 4027 347 4074 d.
367 4063 398 4073 ..
418 4024 541 4087 paralmo,
559 4024 574 4074 ὁ
592 4024 624 4076 δὲ
640 4024 776 4092 παράλιος
789 4021 939 4091 λεγόμενος
954 4020 1140 4087 (τιθύμαλος),
1159 4018 1190 4072 ὃν
1203 4016 1270 4073 ἔνιοι

150 4085 312 4149 τιθυμαλίδα
325 4089 341 4156 ἢ
352 4088 465 4156 μήκωνα
478 4087 619 4155 ἐκάλεσαν,
632 4095 751 4146 Dioscor.
765 4102 789 4156 4,
803 4100 859 4145 162.
881 4090 1019 4153 orthollim,
1035 4085 1063 4141 Θ.
1085 4089 1214 4146 ortlolmn.
1224 4092 1270 4143 ad.

145 4156 280 4285 poploalilqp,
291 4159 345 4277 {T
350 4157 477 4278 gotholiae,
489 4161 522 4210 V.
542 4201 573 4210 ..
595 4160 646 4224 lini,
659 4164 747 4214 Dalee.
760 4164 814 4213 Va.
842 4159 897 4222 leni,
910 4161 961 4211 Td.
989 4154 1098 4221 lacuqss.
1118 4198 1149 4210 ..
1173 4158 1234 4221 albo,
1246 4174 1270 4210 a.

160 4241 207 4275 om
272 4262 279 4287 ,
367 4263 374 4277 .
