2896 4792
206 262 267 325 120
554 281 758 331 narramus
781 284 976 332 merosus

203 427 375 514 praedictis
397 431 464 494 sola
485 430 696 497 viviradicum
717 432 810 511 ratio,
838 433 915 500 item
942 434 1168 524 propaginum,
1191 451 1223 504 et
1244 437 1324 506 haee

203 531 343 617 gemina,
366 541 402 594 ut
424 530 579 597 diximus:
604 534 771 616 qualorum
793 544 824 598 et
837 535 910 619 ipso
926 534 1068 602 tabulato
1080 554 1231 605 maxume
1244 564 1323 627 pro-

203 631 293 710 bata,
323 631 473 715 quoniam
502 654 521 696 a
548 654 663 716 pecore
692 632 852 725 tutissima
879 646 944 714 est,
978 636 1079 702 altera
1104 638 1229 704 deflexa
1257 641 1324 707 vite

203 732 254 797 vel
280 732 410 819 palmite
438 732 529 796 iuxta
557 756 648 798 suam
676 734 821 800 arborem
848 746 903 800 aut
931 736 1016 802 circa
1037 758 1228 823 proxumam
1250 764 1324 808 cae·

202 831 310 897 libem.
334 826 431 914 Quod
453 855 550 919 supra
565 845 682 898 terram
697 845 747 899 est
767 857 785 899 e
806 847 917 913 matre,
940 837 1011 900 radi
1033 838 1169 917 iubetur,
1192 862 1233 904 ne
1253 841 1323 906 fru-

204 934 289 998 ticet.
326 933 367 998 In
395 946 479 998 terra
506 955 572 998 non
600 935 769 1020 pauciores
798 948 949 1020 quattuor
975 959 1123 1024 gemmae
1144 924 1326 1005 obruuntur

203 1035 244 1099 ad
261 1034 412 1099 *radicem
441 1035 630 1120 capiendam
637 1061 646 1113 3
683 1049 775 1100 extra
800 1038 835 1100 in
863 1037 966 1122 capite
993 1037 1086 1103 binae
1114 1038 1323 1105 relincuntur.

132 1155 139 1164 ’
202 1136 288 1201 Vitis
310 1136 342 1199 in
364 1136 496 1201 arbusto
518 1146 670 1220 quattuor
691 1138 791 1223 pedes
813 1136 847 1200 in
861 1137 959 1223 longo
974 1149 1110 1217 constat,
1133 1139 1221 1204 omni
1236 1140 1325 1205 sulco
1338 1159 1388 1204 205

204 1237 261 1301 tris
281 1236 357 1315 lato,
381 1236 445 1301 alto
467 1236 549 1301 duos
571 1259 643 1302 cum
667 1237 839 1326 semipede.
862 1236 943 1302 Post
966 1260 1086 1302 annum
1106 1260 1253 1327 propago
1273 1241 1323 1305 in-

203 1338 319 1404 ciditur
345 1337 387 1400 ad
413 1337 583 1402 medullam
609 1347 644 1401 ut
671 1337 826 1423 paulatim
852 1338 1016 1404 radicibus
1044 1340 1111 1404 suis
1138 1340 1323 1420 adsuescat3

168 1507 172 1519 Ι
204 1438 304 1502 caulis
326 1460 345 1502 a
368 1438 473 1521 cupite
494 1438 536 1502 ad
559 1438 639 1503 duas
660 1460 805 1526 gemmas
827 1439 990 1517 reciditur,
1020 1440 1113 1505 tertio
1134 1450 1219 1506 totus
1240 1463 1324 1506 mer·

202 1564 265 1629 gus
296 1538 471 1604 absciditur
495 1539 725 1624 reponiturque
748 1539 843 1604 altius
865 1540 899 1603 in
928 1548 1055 1619 terram,
1084 1563 1125 1605 ne
1153 1564 1194 1606 ex
1221 1543 1325 1607 reciso

202 1641 365 1715 frondeat3
395 1638 461 1704 tolli
488 1638 646 1704 viviradix
674 1661 694 1702 a
720 1638 882 1703 vindemia
904 1640 1176 1724 protinus-debet
1211 1641 1327 1728 Nuper
1339 1663 1392 1708 soe

202 1750 364 1828 repertum
386 1740 554 1812 baconem
577 1762 683 1805 serere
705 1740 796 1804 iuxta
815 1740 973 1817 arborem,
997 1795 1037 1804 ..
1059 1741 1106 1804 ita
1125 1742 1326 1827 appellamus

203 1842 367 1928 palmitem
394 1840 562 1904 emeritum
588 1840 801 1925 pluribusque
825 1840 1013 1905 induratum
1040 1841 1143 1918 annis,
1172 1897 1213 1906 ..
1239 1842 1326 1908 hunc

202 1942 383 2028 praecisum
405 1963 502 2026 quam
524 1940 674 2005 maxuma
695 1941 915 2026 amplitudine,
938 1939 1042 2005 tribus
1061 1942 1206 2026 partibus
1219 1942 1325 2031 longi-

203 2044 325 2109 tudinis
354 2043 467 2107 deraso
497 2042 626 2120 cortice,
655 2054 814 2126 quatenus
842 2040 1006 2118 obruatur,
1037 2041 1123 2106 unde
1145 2052 1178 2106 et
1197 2043 1327 2108 rasilem

202 2154 329 2223 vocant,
357 2143 536 2228 deprimere
565 2143 664 2221 sulco,
692 2143 815 2226 reliqua
841 2153 933 2228 parte
962 2142 1003 2206 ad
1030 2141 1175 2207 arborem
1203 2155 1325 2220 erecta3

202 2246 384 2311 ocissimum
405 2244 439 2308 in
460 2243 535 2309 vite.
565 2240 601 2308 si
624 2244 754 2330 gracilis
769 2244 811 2308 sit
825 2242 900 2308 vitis
916 2253 971 2308 aut
985 2253 1080 2322 terra,
1104 2243 1256 2309 usitatum
1278 2255 1328 2309 est

204 2370 301 2431 quam
322 2366 477 2432 proxume
502 2347 605 2411 solum
625 2345 742 2422 decidi,
766 2345 868 2409 donec
887 2344 1031 2411 firmetur
1044 2345 1148 2423 radix,
1171 2344 1254 2409 sicut
1267 2366 1326 2408 ne-

201 2468 264 2530 que
287 2447 444 2513 roscidam
469 2447 531 2511 seri
553 2468 657 2530 neque
680 2470 700 2511 a
722 2445 948 2531 septentrionis
969 2444 1057 2509 flatu.
1086 2444 1180 2511 Vites
1201 2443 1326 2528 aquilo-

202 2558 444 2641 nemlspectare
466 2546 585 2613 debent
606 2547 708 2633 ipsae,
735 2547 883 2632 palmites
904 2555 1012 2611 autem
1026 2568 1137 2610 earum
1151 2545 1326 2612 meridiem.

202 2647 274 2713 Non
305 2661 355 2714 est
380 2648 597 2714 festinandum
626 2649 668 2712 ad
693 2648 894 2734 putationem
916 2648 1059 2713 novellae
1089 2647 1146 2711 sed
1167 2645 1271 2731 primo
1292 2644 1327 2708 ln
1340 2659 1390 2711 sot

203 2751 340 2816 circulos
368 2751 517 2815 materies
547 2749 728 2837 colligenda
755 2771 815 2814 neo
836 2748 900 2812 nisi
921 2747 1045 2813 validae
1067 2747 1192 2833 putatio
1214 2747 1326 2811 admo*

202 2853 318 2931 venda,
353 2851 472 2916 seriore
505 2873 589 2915 anno
623 2851 691 2914 fere
725 2849 766 2913 ad
799 2849 939 2914 fructum
972 2846 1104 2913 arbusta
1135 2847 1201 2913 vite
1229 2868 1327 2931 quam

202 2955 323 3041 iugata.
358 2950 442 3016 Sunt
462 2951 518 3035 qui
540 2952 669 3017 omnino
690 2950 797 3036 putari
824 2960 933 3015 vetant
962 2949 1152 3035 priusquam
1177 2947 1327 3011 arborem

202 3054 404 3141 longitudine
433 3051 628 3135 aequaverit.
661 3050 771 3114 Prima
792 3050 872 3116 falce
894 3072 952 3118 sex
972 3050 1073 3136 pedes
1094 3072 1114 3113 a
1136 3060 1222 3113 terra
1242 3047 1327 3112 reci.-

203 3154 308 3230 datur,
336 3152 462 3238 flagello
483 3151 565 3223 infra
587 3151 698 3222 relicto
720 3163 752 3222 et
773 3150 863 3216 nasci
885 3157 995 3219 coacto
1016 3150 1236 3215 incurvatione
1256 3169 1326 3212 ma-

204 3255 319 3330 teriae3
354 3264 418 3318 tres
448 3253 477 3318 ei
504 3275 661 3338 gemmae,
694 3274 758 3317 non
788 3251 936 3338 amplius,
970 3251 1125 3339 deputato
1153 3246 1325 3334 supersint.

239 3428 322 3488 §aot
350 3426 452 3476 diximus
464 3425 478 3486 5
491 3430 532 3477 97.
552 3469 583 3476 -
603 3436 626 3476 et
637 3426 695 3490 ipso,
708 3429 759 3477 Ta
778 3427 802 3474 in
814 3426 872 3489 ipso,
882 3420 954 3488 (ἰβγ.
974 3465 1005 3473 -
1029 3424 1102 3485 eirea,
1114 3426 1159 3473 ad.
1182 3423 1253 3484 citra,
1269 3414 1326 3470 θΤ.

205 3537 236 3545 ..
255 3511 304 3555 nee,
316 3512 339 3544 a.
359 3537 389 3544 -
407 3502 509 3557 quatuor
519 3510 631 3558 pemmae,
644 3496 689 3544 ad.
706 3509 812 3558 yemmae
824 3500 934 3556 quatuor,
945 3487 996 3554 βγ.

238 3579 323 3639 5205.
350 3580 374 3627 in
386 3577 487 3642 aequm,
496 3580 584 3628 Delec.
608 3619 637 3628 ..
667 3577 809 3641 omniaad.
832 3618 864 3626 -
891 3583 925 3634 ut,
937 3589 988 3625 om.
1002 3577 1027 3625 d.
1046 3615 1077 3625 ..
1102 3573 1327 3634 nmadinrstrad.

206 3646 361 3707 abscinditur,
373 3642 424 3708 βγ.
443 3687 474 3695 ..
493 3646 658 3710 repetiturque,
671 3647 716 3694 ad.

239 3730 254 3791 §
267 3735 324 3780 206.
349 3729 503 3793 praecipuum
516 3732 556 3780 vel
567 3728 712 3792 praecelsum
724 3730 765 3779 vel
775 3727 937 3791 prampitem,
946 3728 1091 3783 Pontedera
1099 3725 1225 3789 antiquitt,
1236 3740 1259 3787 p.
1271 3727 1327 3779 524.

205 3789 234 3847 -’
255 3800 376 3858 ebriatur,
389 3799 435 3846 ud.
453 3799 597 3858 observatur,
613 3790 641 3845 θ.
662 3837 692 3845 ..
711 3793 837 3846 earundem
849 3794 885 3843 ad
895 3793 1021 3853 meridiem,
1033 3811 1053 3844 r.

238 3885 323 3946 §tot
348 3881 447 3944 primos,
460 3898 482 3931 a.
499 3923 528 3930 -
547 3880 656 3940 materia,
669 3883 693 3928 d.
712 3878 833 3940 mmeriae,
846 3879 936 3934 Ambr.
949 3878 970 3927 Ι.
983 3878 1018 3927 H.
1033 3919 1064 3926 ..
1082 3877 1178 3936 seriore,
1191 3877 1266 3926 Tad.
1285 3872 1329 3924 Se-

205 3950 279 4008 riora,
290 3944 320 4009 β.
334 3991 364 3997 -
378 3950 510 4010 annofere,
523 3950 597 3999 Tad.
608 3947 665 4009 fere
676 3962 747 4005 anno,
759 3943 810 4009 βγ.
823 3987 854 3995 -
873 3945 920 3994 vite
931 3961 1011 4013 quoin,
1026 3939 1128 3995 Orac.
1147 3959 1217 4006 quarn
1228 3941 1290 4002 uitia,
1298 3936 1328 4001 β.

208 4058 236 4064 ..
256 4017 362 4064 arborem
381 4014 532 4079 lonyitudine,
547 4009 597 4064 θα.
620 4015 731 4061 arborum
748 4010 901 4077 turpitudine,
914 4015 937 4065 d.
960 4013 1071 4066 arbonem
1087 4009 1262 4076 lcnyitudinem,
1278 4004 1329 4071 βγ.

208 4124 237 4131 -
256 4084 417 4145 aequaverint,
429 4099 449 4133 r.
469 4124 498 4131 -
517 4081 707 4140 incartationem,
719 4096 742 4129 a.

241 4168 325 4227 §2080
353 4166 499 4229 inperciatur,
515 4158 612 4214 OTdr.
636 4163 783 4226 asperantur,
796 4179 818 4212 a.
837 4159 978 4227 inserantur,
989 4159 1020 4224 β.
1040 4204 1070 4212 ..
1090 4163 1253 4221 ίαῑεναιιτ,ατ,
1273 4159 1329 4208 tule-
1421 4182 1423 4186 ·

208 4231 262 4292 rint,
273 4227 321 4292 dss.
331 4273 360 4280 -
371 4248 416 4295 per
424 4249 510 4293 ramos,
520 4235 544 4285 d.
560 4233 592 4285 In
601 4234 657 4282 cod.
665 4247 681 4280 a
689 4238 773 4281 exstat
778 4247 824 4294 per
832 4247 907 4279 annos
916 4231 1085 4294 suprascripto
1094 4229 1108 4280 i
1113 4227 1142 4292 (i.
1154 4245 1175 4279 e.
1183 4227 1232 4290 vel)
1242 4243 1329 4277 ramos.
1380 4233 1382 4238 '

1286 4429 1302 4483 b
