2896 4792
181 269 241 333 148
533 284 738 332 usnuasms
760 285 954 335 merosus

177 444 302 520 patrem
321 432 475 511 familias,
498 434 644 520 quisquis
663 436 803 502 interdiu
823 437 943 503 faceret
965 437 1052 521 quod
1066 447 1163 503 noctu
1177 451 1304 524 posset,

176 535 238 600 nisi
259 534 294 597 in'
316 544 505 621 tempestate
528 537 618 616 caeli,
639 537 780 623 peiorem
803 539 859 623 qui
880 534 1033 625 profestis
1055 539 1169 605 diebus
1190 550 1303 625 ageret

175 635 263 719 quod
289 635 413 701 feriatis
443 635 591 715 deberet,
623 638 800 724 pessimum
828 639 884 722 qui
913 662 1024 704 sereno
1052 639 1104 704 die
1134 638 1302 704 subtecto

175 736 284 821 potius
305 746 492 822 operaretur
513 758 610 821 quem
631 737 665 800 in
687 760 776 824 agro.
799 737 935 821 Nequeo
949 738 1028 802 mihi
1043 750 1221 823 temperare
1236 762 1300 824 quo
1314 760 1344 802 rr

173 836 280 903 minus
295 859 396 901 unum
411 837 593 922 exemplum
612 837 814 922 antiquitatis
833 839 989 917 adferam,
1014 862 1054 904 ex
1073 861 1137 923 quo
1156 839 1300 926 intellegi

172 937 276 1023 possit
302 937 389 1024 apud
416 938 570 1023 populum
592 938 688 1002 etiam
710 938 752 1002 de
772 939 906 1005 culturis
925 939 1044 1026 agendi
1057 962 1179 1004 morem
1201 941 1300 1006 furiose

173 1039 374 1124 qualiterque
397 1037 527 1102 defendi
550 1037 633 1103 soliti
656 1038 719 1102 sint
738 1038 784 1102 illi
806 1039 877 1104 viri.
907 1036 945 1104 C.
966 1039 1089 1106 Furius
1113 1038 1300 1107 Chresimus

172 1161 191 1203 e
213 1139 369 1205 servitute
389 1137 561 1217 liberatus,
584 1160 657 1204 oum
676 1139 709 1203 in
723 1161 824 1222 parvo
839 1140 1011 1205 admodum
1026 1142 1130 1228 agello
1144 1142 1299 1227 largiores

171 1242 272 1306 multo
300 1241 425 1305 fructus
454 1240 635 1326 perciperet
663 1262 759 1325 quam
788 1263 828 1305 ex
851 1241 1054 1326 amplissimis
1076 1241 1242 1322 vicinitas,
1264 1244 1298 1308 in

174 1341 297 1407 invidia
318 1362 437 1428 magna
460 1351 545 1418 erat,
577 1362 637 1405 ceu
657 1341 770 1429 fruges
792 1341 911 1406 alienas
932 1342 1102 1427 perliceret
1123 1344 1297 1410 veneficiis.

167 1438 393 1522 Quamobrem
415 1441 456 1507 ab
480 1438 539 1526 Sp.
559 1439 681 1506 Albino
702 1441 806 1507 curuli
827 1442 931 1508 aedile
953 1442 1005 1508 die
1027 1442 1128 1522 dicta,
1150 1455 1297 1510 metuens
1310 1461 1344 1504 42

169 1543 423 1621 damnationem,
447 1564 521 1607 cum
539 1542 573 1606 in
593 1542 783 1638 quffragium
798 1542 900 1608 tribus
914 1553 1076 1629 oporteret
1089 1544 1151 1622 ire,
1174 1545 1297 1610 instru-

170 1652 313 1709 mentum
328 1643 485 1709 rusticum
506 1665 600 1710 omne
621 1642 655 1707 in
678 1644 784 1708 forum
805 1643 912 1708 attulit
934 1655 967 1708 et
988 1644 1123 1709 adduxit
1142 1645 1295 1710 familiam

170 1743 310 1810 validam
343 1754 455 1828 atque,
492 1753 528 1807 ut
560 1743 605 1807 ait
634 1743 730 1821 Piso,
767 1743 850 1810 bene
883 1757 1026 1825 curatam
1058 1767 1096 1810 ac
1129 1746 1295 1825 vestitam,

169 1845 363 1911 ferramenta
373 1843 506 1933 egregie
522 1843 623 1922 laem,
646 1844 754 1931 gravis
768 1844 908 1932 ligones,
931 1867 1075 1910 vomeres
1089 1846 1295 1931 ponderosos,

170 1947 269 2013 boves
291 1957 427 2013 saturos.
461 1944 581 2010 Postea
603 1943 698 2009 dixit:
726 1945 880 2012 veneficia
906 1969 993 2024 mea,
1025 1944 1186 2027 Quirites,
1215 1947 1295 2013 haec
1308 1961 1342 2004 4³

171 2057 246 2112 sunt
277 2068 337 2110 nec
368 2058 500 2132 possum
530 2045 623 2111 vobis
655 2045 825 2111 ostendere
858 2047 973 2113 autin
1000 2045 1106 2111 forum
1134 2046 1294 2113 adducere

169 2146 405 2212 lucubrationes
425 2169 513 2212 meas
531 2146 724 2233 vigiliasque
744 2157 777 2211 et
792 2147 934 2212 sudores.
959 2145 1114 2211 Omnium
1128 2148 1295 2213 sententiis

170 2248 336 2314 absolutus
357 2248 466 2332 itaque
488 2258 547 2313 est.
569 2247 722 2313 Profecto
744 2270 842 2332 opera
863 2248 999 2333 inpensa
1020 2247 1144 2312 cultura
1158 2259 1293 2326 constat,

170 2358 204 2412 et
229 2348 303 2412 ideo
330 2348 466 2418 maiores
494 2347 724 2414 fertilissimum
751 2347 786 2412 in
812 2369 891 2434 agro
919 2349 1046 2414 oculum
1075 2347 1195 2412 domini
1223 2369 1293 2413 esse

169 2446 332 2513 dixerunt.
353 2448 490 2533 Reliqua
504 2460 676 2535 praecepta
691 2448 866 2514 reddentur
882 2450 949 2514 suis
963 2448 1051 2526 locis,
1067 2469 1149 2530 quae
1163 2448 1294 2534 propria
1306 2461 1340 2504 44

151 2530 323 2631 ‘generum
351 2549 549 2638 singulorum
576 2549 659 2614 erint
666 2575 675 2627 ;
704 2549 832 2614 interim
854 2549 1024 2615 conmunia
1051 2570 1135 2633 quae
1162 2538 1292 2614 succur-

168 2659 244 2713 runt
274 2671 340 2713 non
372 2652 554 2716 omittemus
589 2662 621 2716 et
654 2651 687 2714 in
720 2650 833 2736 primis
864 2646 996 2716 Catonis
1027 2649 1294 2715 humanissimum

168 2749 450 2836 utilissimumque,
471 2752 506 2816 id
531 2751 693 2838 agendum
714 2762 751 2815 ut
772 2750 908 2839 diligant
923 2751 1036 2828 vicini3
1051 2742 1174 2816 ‘causas
1188 2749 1294 2815 reddit

168 2848 221 2916 ille
228 2875 237 2927 ;
266 2873 327 2918 nos
353 2853 584 2918 existumamus
611 2851 690 2916 nulli
718 2873 790 2918 esse
812 2851 937 2918 dubias.
973 2850 1186 2935 Interprima
1207 2848 1293 2914 idem

201 3023 284 3085 possit,
297 3039 319 3074 a.
340 3064 370 3073 -
386 3023 509 3087 professu,
521 3026 564 3074 ad.
586 3064 615 3072 -
635 3031 774 3088 operaretur
782 3024 869 3087 potius,
882 3025 906 3072 d.

181 3151 271 3213 ,541
294 3147 354 3197 miti
372 3165 394 3199 a
417 3118 495 3210 merit,
508 3151 531 3199 d.
549 3164 592 3208 me,
605 3148 637 3198 Τ.
657 3188 688 3198 ..
706 3148 858 3208 morem,ud.
876 3139 1048 3208 modum,9in
1061 3147 1244 3196 emendatione.
1258 3186 1290 3195 ..
1339 3129 1341 3132 ⁴

169 3214 324 3280 qualiterque,
341 3186 457 3265 dTadr.
484 3213 593 3277 qualiter,
609 3210 637 3276 β.
656 3257 687 3264 -
715 3213 859 3276 Circeium,
877 3215 914 3264 ita
924 3228 973 3263 nos
985 3215 1136 3277 scripsimus.
1166 3209 1291 3274 Oresimm

173 3275 222 3334 Od.
244 3281 430 3343 Cressimus,a².
457 3279 642 3344 Orescimus,a¹.
667 3281 972 3344 &omniumodd'llurm
985 3285 1040 3332 adv.
1053 3288 1094 3344 80,
1108 3288 1147 3332 18.
1174 3279 1291 3341 Cresiuur,

168 3345 220 3414 βγ.
240 3391 270 3400 ..
286 3348 419 3414 perliceret,
432 3366 455 3399 a.
469 3349 597 3414 pelliceret,
610 3345 683 3414 dssp.
702 3391 734 3398 -
751 3349 875 3413 veneficiis,
886 3365 909 3400 a.

203 3441 272 3502 §42
291 3442 330 3501 ab,
343 3458 366 3492 a.
390 3437 499 3506 α,(1βγ.
518 3484 549 3492 ..
568 3440 659 3504 aedile3
677 3443 703 3492 h.
716 3458 739 3491 v.
751 3458 798 3492 nos
810 3442 970 3502 inseruimus,
988 3456 1046 3491 cum
1057 3439 1136 3490 curuli
1145 3440 1293 3502 simpliciter

170 3510 265 3559 dictum
281 3510 380 3558 nullum
393 3525 494 3560 sensum
505 3512 631 3574 praebeat.
649 3510 739 3561 Omitt.
752 3505 848 3573 adssr,
866 3517 891 3559 et
903 3524 980 3572 quam
991 3508 1065 3559 facile
1077 3507 1160 3557 omitti
1172 3507 1292 3568 potuerit,

169 3591 222 3626 non
234 3585 272 3627 est
284 3577 353 3640 quod
366 3578 480 3626 doceam.
492 3618 523 3627 ...
534 3576 669 3640 familiam,
678 3578 756 3627 Hand.
766 3574 858 3640 filum,
867 3571 936 3636 adss.

203 3668 272 3729 543.
300 3668 419 3732 beuqtciq
436 3671 459 3718 d.
480 3710 511 3718 ..
541 3668 686 3730 &natumst
704 3666 791 3731 (codd.
804 3663 874 3727 (tel.)
904 3664 1024 3725 Omnium
1040 3665 1094 3714 Td.
1112 3703 1144 3713 ..
1171 3661 1292 3711 absolutus

169 3734 250 3798 iusque
262 3742 302 3784 cst.
317 3736 438 3799 Profecto,
450 3738 512 3787 adr.
530 3735 657 3786 absolutus.
671 3732 758 3798 Itaque
769 3741 804 3782 est
811 3734 926 3798 prtffecto,
938 3733 1012 3782 codd.
1023 3731 1079 3782 Gel.
1091 3725 1120 3792 β.
1134 3770 1165 3779 ..
1184 3729 1290 3793 inpensa,

170 3819 192 3852 ι
208 3819 256 3852 uon
268 3803 381 3867 impensa,
394 3800 466 3868 ἀβγ.

202 3897 218 3959 ἦ
230 3902 271 3946 44.
290 3895 358 3958 ert'ut,
370 3912 392 3947 a.
411 3904 486 3958 emat,
499 3891 571 3959 ᾱβγ.
590 3894 627 3944 At
637 3908 661 3943 v·
669 3892 827 3943 Lachmann.
840 3894 873 3942 ud
882 3891 969 3943 Gall
981 3893 997 3955 ξ
1008 3897 1065 3942 146.
1077 3905 1102 3953 p.
1114 3893 1153 3941 75.
1167 3898 1192 3939 at
1202 3890 1290 3940 Halm.

169 3963 235 4012 anal.
246 3964 314 4013 Tull.
327 3969 349 4013 1.
359 3980 383 4028 p.
392 3970 416 4015 a.
427 4003 459 4013 ..
474 3960 570 4012 &aaa
581 3963 723 4010 deremet.
736 3965 759 4010 4.
775 4001 807 4008 -
820 3957 1020 4022 utriusimumque,
1036 3952 1116 4009 θΤᾶ.
1134 3956 1290 4018 utilissimum,

168 4045 191 4079 a
210 4038 232 4077 et
243 4029 399 4092 uuluamum,
410 4026 439 4091 β.
451 4070 482 4079 ..
494 4027 613 4091 dtlipout',
625 4030 649 4078 d.
659 4066 691 4076 ..
709 4024 788 4088 ouini,
801 4027 825 4076 d.
842 4025 933 4087 cutura
946 4043 968 4076 a
986 4041 1012 4075 se
1023 4024 1101 4086 ouini,
1117 4019 1145 4075 θ.
1160 4067 1191 4074 -
1210 4022 1289 4074 reddi·

168 4094 212 4157 dit,
225 4100 248 4147 d.
266 4096 346 4147 reddit
356 4096 396 4147 ille
406 4112 499 4156 causas,
511 4112 531 4145 r.
551 4135 580 4144 ..
600 4109 649 4154 uos,
665 4087 744 4143 θΤᾶ.
762 4109 830 4156 quar,
841 4089 871 4156 β.
884 4094 941 4145 Om.
954 4109 977 4143 a.
996 4135 1028 4146 -
1046 4092 1137 4153 dubios,
1148 4110 1171 4142 a.
1192 4132 1222 4141 -
1241 4107 1290 4151 uec,

169 4166 205 4213 a¹.
226 4203 255 4212 -
279 4164 341 4215 male
351 4165 390 4228 sit,
401 4166 432 4216 T.
454 4161 582 4222 molestat,
594 4179 617 4212 a
640 4160 719 4210 maure
731 4160 785 4224 siut,
802 4157 873 4226 ᾱβγ.
896 4162 929 4211 V.
942 4162 1090 4213 Schneider.
1107 4163 1139 4211 ad
1153 4159 1208 4210 Cat.
1221 4163 1251 4208 de
1263 4174 1290 4208 re

168 4239 229 4283 rust.
244 4238 266 4293 5,
281 4239 302 4283 l.
322 4274 352 4283 -
372 4233 463 4295 iterum,
476 4249 498 4283 a.
516 4232 652 4294 iterumque,
665 4224 739 4293 (Ιβγ.
761 4269 785 4277 -
808 4237 839 4291 et,
851 4232 895 4280 ad.
914 4245 951 4292 er,
962 4243 988 4293 γ.
