2896 4792
190 268 250 331 132
540 280 745 329 annuarum
766 281 962 330 suanorum

229 432 384 500 XXVII.
406 434 458 497 42.
482 430 680 498 Carbunculi
702 456 740 500 ac
753 433 937 522 robiginum
950 433 1092 499 remedia
1106 435 1308 502 demonstra·
1323 456 1370 504 aar

186 536 291 601 bimus
313 535 474 601 volumine
496 556 662 620 proxumo.
684 534 818 600 Interim
832 547 882 601 est
896 547 929 600 et
943 535 1135 620 scariphatio
1149 538 1310 621 quaedam

185 639 220 702 in
240 636 402 714 remediis,
433 657 507 701 cum
527 636 630 701 macie
651 635 779 702 corticis
802 658 843 701 ex
864 636 1067 724 aegritudine
1087 638 1308 727 adstringente

94 752 97 757 '
186 761 220 804 se
241 738 390 822 iustoque
411 737 486 822 plus
507 736 617 802 vitalia
636 738 787 803 arborum
801 737 1032 823 conprimente,
1055 748 1200 803 exactam
1214 739 1308 805 falcis

184 840 285 906 aciem
306 851 443 924 utraque
464 860 561 904 manu
582 838 808 923 inprimentes,
835 838 1001 924 perpetuis
1029 838 1182 905 incisuris
1202 840 1307 905 dedu·
1383 858 1386 863 ·

183 952 261 1005 eunt
282 963 320 1006 ac
340 940 438 1006 veluti
461 950 568 1005 cutem
592 940 713 1004 laxant.
751 936 899 1004 Salutare
927 938 963 1002 id
988 940 1088 1005 fiusse
1114 952 1306 1026 argumento

183 1053 258 1121 sunt
279 1043 432 1108 dilatatae
454 1041 618 1106 cicatrices
640 1052 672 1106 et
694 1041 853 1106 internato
875 1062 1010 1127 corpore
1031 1042 1190 1127 expletae.

224 1143 275 1207 43.
304 1143 490 1230 Magnaque
516 1165 557 1208 ex
583 1152 674 1228 parte
697 1142 811 1208 similis
831 1141 995 1208 hominum
1015 1143 1175 1208 medicina
1196 1156 1229 1208 et
1249 1163 1368 1208 aranea

181 1242 297 1310 borum
318 1255 383 1324 est,
416 1244 545 1329 quando
566 1266 677 1308 earum
697 1266 825 1328 quoque
846 1244 1049 1310 terebrantur
1069 1267 1153 1310 ossa.
1196 1246 1301 1330 Amy-

180 1346 296 1433 gdalae
318 1369 359 1411 ex
381 1346 499 1411 amaris
521 1346 632 1410 dulces
652 1345 749 1424 fiunt,
784 1346 812 1411 si
833 1345 1041 1411 circumfosso
1063 1347 1173 1432 stipite
1200 1358 1234 1413 et
1260 1349 1303 1414 ab

179 1447 244 1512 ima
264 1460 356 1534 parte
369 1445 593 1513 circumforato
607 1445 751 1511 defluens
764 1446 879 1532 pituita
893 1445 1125 1535 abstergeatur.
1148 1448 1193 1513 Et
1206 1450 1302 1515 ulmis

180 1548 358 1637 detrahitur
380 1570 476 1613 sucus
497 1547 628 1624 inutilis,
656 1569 755 1632 supra
775 1556 892 1612 terram
913 1549 1024 1614 foratis
1046 1571 1149 1634 usque
1170 1551 1211 1614 ad
1232 1573 1301 1616 me-

179 1649 299 1715 dullam
319 1649 353 1714 in
382 1659 525 1727 senecta,
559 1658 615 1713 aut
637 1670 710 1713 cum
732 1648 882 1712 alimento
909 1649 1008 1714 nimio
1033 1649 1199 1716 abundare
1225 1674 1302 1718 sen-

180 1750 313 1816 tiuntur.
335 1750 428 1816 Idem
449 1760 483 1815 et
503 1749 636 1815 ficorum
658 1749 789 1838 turgido
811 1750 930 1816 cortice
944 1750 1093 1816 incisuris
1107 1752 1142 1815 in
1162 1752 1301 1819 oblicum
1314 1767 1366 1812 aas

178 1851 305 1917 levibus
327 1851 498 1928 emittitur3
521 1851 567 1916 ita
587 1850 623 1914 fit
643 1872 684 1914 ne
706 1849 856 1916 decidant
877 1851 1013 1917 fructus.
1034 1852 1202 1918 Pomiferis
1216 1876 1300 1938 quae

177 1953 358 2041 germinant
378 1974 439 2017 nec
460 1952 568 2017 ierunt
589 1951 730 2016 fructum
750 1951 826 2016 fissa
846 1952 954 2017 radice
975 1952 1097 2018 inditur
1116 1953 1210 2039 lapis,
1233 1954 1300 2019 ler-

178 2054 316 2138 tiles'que
336 2054 432 2132 fiunt;
462 2053 526 2119 -hoc
552 2053 638 2118 idem
659 2052 694 2117 in
715 2053 897 2141 amygdalis
924 2075 943 2118 e
970 2052 1085 2119 robore
1112 2075 1214 2120 cuneo
1241 2055 1299 2118 sd-

178 2164 259 2234 a'cto‚
282 2156 316 2220 in
337 2155 419 2241 piris
441 2155 609 2238 sorbisque
630 2176 649 2219 e
671 2154 776 2233 taeda,
799 2164 837 2220 ao
858 2155 966 2220 cinere
987 2166 1020 2220 et
1040 2165 1125 2220 terra
1140 2165 1298 2240 cooperto.

178 2254 289 2320 Etiam
321 2257 446 2323 radices
478 2255 717 2322 circumcidisse
754 2255 887 2340 prodest
924 2256 1038 2321 vitium
1071 2256 1299 2321 luxuriantium
1312 2268 1363 2314 2⁵⁴

177 2357 375 2440 ficorumque
402 2367 434 2422 et
456 2355 652 2422 circumcisis
674 2355 813 2420 cinerem
835 2355 1007 2420 addidisse.
1044 2354 1117 2422 Fici
1138 2356 1299 2423 serotinae

177 2456 272 2535 fiunt,
296 2457 323 2521 si
344 2451 469 2543 primae
491 2456 613 2543 grossi,
636 2477 710 2521 cum
729 2455 823 2521 fabae
843 2456 1097 2542 magnitudinem
1119 2479 1297 2536 excessere,

177 2559 400 2636 detrahantur3
434 2557 672 2624 subnascuntur
705 2557 790 2622 enim
820 2578 904 2640 quae
936 2558 1038 2623 serius
1070 2569 1298 2624 maturescunt.

176 2659 321 2727 Eaedem
342 2683 416 2726 cum
438 2658 588 2725 frondere
609 2658 783 2743 incipiunt,
807 2657 835 2723 si
850 2659 1019 2724 cacumina
1039 2659 1119 2723 rami
1141 2660 1298 2744 cuiusque

176 2752 402 2841 detrahantur,
434 2761 592 2827 firmiores
620 2758 854 2842 fertilioresque
874 2758 972 2835 fiunt3
1005 2782 1080 2824 nam
1101 2760 1297 2845 caprificatio

175 2874 324 2929 maturat.

217 2966 270 3028 44.
292 2962 340 3027 In·
354 2986 392 3028 ea
413 2964 531 3030 culices
545 2964 633 3030 nasei
649 2987 666 3030 e
680 2963 803 3053 grossis
818 2964 1034 3041 manifestum,
1056 2963 1207 3046 quoniam
1221 2985 1298 3027 cum
1308 2971 1360 3017 2⁵⁵

175 3172 216 3223 his
227 3187 267 3222 vv.
280 3173 358 3223 habet
367 3170 415 3220 soli
423 3170 478 3220 sede
489 3171 612 3221 monstrate
623 3188 646 3229 a,
662 3169 718 3220 solas
730 3170 794 3220 sdan
806 3179 897 3221 aestate
908 3174 933 3222 d.
955 3173 1054 3222 Locum
1066 3170 1146 3232 vulgo
1157 3169 1295 3232 interpola·

176 3251 230 3289 tum
243 3240 295 3302 legi
307 3249 422 3304 apparet3
440 3239 500 3303 quid
512 3241 578 3289 Plin.
590 3241 725 3302 scripserit,
736 3254 788 3289 non
800 3240 887 3303 liquet,
903 3240 952 3288 nisi
964 3241 1023 3297 hoc,
1036 3240 1172 3301 legandum
1183 3251 1238 3286 osse
1250 3252 1295 3283 na·

176 3315 231 3355 tura
243 3309 320 3357 amnis
331 3318 357 3356 et
367 3315 394 3355 ot
404 3314 501 3355 aestate.
521 3307 594 3357 Ovid.
607 3308 684 3357 Trist.
696 3307 743 3356 IV.
757 3313 797 3368 10,
809 3314 833 3357 3.
846 3308 901 3369 agri
913 3306 1089 3357 sulmonensis
1100 3307 1182 3355 undas
1193 3304 1295 3367 gelidis·

175 3376 253 3424 simss
265 3375 332 3435 dicit,
350 3377 417 3424 unde
434 3375 554 3425 coniicias
566 3374 678 3424 Plinium
691 3375 785 3425 dixisse
795 3389 898 3425 amnem
909 3374 991 3435 illum,
1004 3390 1055 3437 qno
1069 3373 1249 3425 Sulmonenses
1261 3373 1294 3420 sd

174 3442 293 3505 rigandos
309 3457 384 3505 agros
400 3444 542 3502 utebantur,
559 3456 658 3506 semper
674 3444 777 3504 quidem
794 3443 907 3505 gelidum
922 3440 1008 3502 luisse,
1025 3450 1052 3490 at
1067 3447 1162 3490 aestate
1173 3439 1217 3486 vix
1229 3437 1294 3485 tole·

174 3511 246 3561 randi
256 3511 353 3573 rigoris.

196 3593 224 3655 ,ξ
236 3599 294 3644 251.
323 3590 502 3652 carbunculum,
520 3609 543 3642 a.
570 3632 601 3643 ...
635 3589 853 3653 demonstravimus,
869 3605 892 3640 a.
911 3630 942 3640 ..
966 3604 1084 3653 proxumo
1101 3593 1140 3648 18,
1159 3590 1206 3638 157
1223 3602 1250 3636 se
1268 3601 1293 3651 q.

175 3666 233 3714 293.
246 3668 304 3712 294.
323 3702 355 3710 ..
373 3668 403 3723 ct,
414 3663 461 3710 ad.
479 3661 539 3715 Orn.
549 3666 579 3724 γ.
592 3700 623 3709 -
642 3658 798 3723 smriphatsb,
809 3660 844 3708 D.
862 3655 1021 3722 rhompheam,
1034 3672 1057 3704 a.
1078 3653 1231 3732 sconfioatio,
1241 3602 1293 3718 dr.

175 3729 365 3790 ambatia'ld,
392 3729 463 3792 quod
475 3727 651 3778 etiamiuind.
663 3728 691 3778 h.
702 3728 720 3776 l.
732 3727 832 3790 legitur.
857 3765 888 3774 ..
910 3724 1004 3787 aciae
1022 3763 1054 3773 .-
1078 3720 1293 3785 odstmnpentam„

175 3837 206 3850 ...
225 3798 332 3860 utraque,
344 3814 368 3847 a.
389 3837 419 3845 ..
438 3793 558 3856 deducunt,
569 3795 637 3846 Pint.
656 3835 688 3844 ..
706 3792 832 3854 diluam,
844 3808 893 3842 om.
905 3792 943 3842 d¹.
963 3831 993 3840 -
1012 3788 1110 3854 expleto,
1122 3807 1145 3839 a.

207 3887 293 3949 §252
319 3895 361 3948 est,
373 3904 396 3938 a
414 3888 478 3938 Post
487 3885 572 3937 similas
583 3888 711 3939 collocant
722 3887 776 3937 Τό.
789 3924 820 3937 ..
839 3881 1039 3947 amado-osso,
1048 3898 1099 3932 om.
1109 3882 1140 3932 T.
1153 3921 1183 3930 ..
1203 3881 1294 3930 obstar-

172 3964 265 4021 9actar,
277 3973 293 4007 a
305 3956 392 4018 (codd.
405 3954 477 4018 Gal.)
494 3956 652 4020 abstarpatar,
664 3956 688 4005 d.
707 3993 739 4003 ..
757 3959 881 4011 sanatam,
892 3954 937 4002 ad.
956 3991 988 4000 -
1006 3958 1056 4013 aut,
1068 3966 1092 4001 a.
1109 3957 1196 4010 aaran,
1209 3951 1233 4000 d.

207 4048 292 4110 5253.
319 4046 432 4110 Idem,d.
458 4045 492 4096 Id
502 4055 579 4108 asta.
597 4088 629 4096 -
656 4032 849 4110 ΡοωίῘενὼ,ο.ᾱ.
875 4040 1106 4115 Amyqdolis,Piut
1131 4083 1161 4090 -
1180 4043 1255 4105 fissa,
1268 4056 1291 4090 a.

173 4117 255 4174 musa,
267 4118 319 4166 Τὰ.
330 4114 394 4178 fisso
405 4115 498 4175 aarum,
509 4116 577 4165 Pint
590 4155 621 4164 ..
632 4111 729 4177 fertiles
737 4110 845 4174 siefiaat,
853 4112 943 4163 Delec.
955 4153 986 4161 -
1004 4108 1180 4176 inamypdolia
1193 4100 1292 4159 Orno.

174 4190 198 4229 et
207 4181 349 4248 omyydalst,
361 4177 411 4246 βγ.
429 4191 452 4231 et
460 4181 592 4246 pomiferis,
604 4181 672 4231 Pina
696 4182 736 4231 De
747 4194 774 4229 re
785 4195 809 4228 v.
821 4179 953 4243 Theophr.
967 4179 1025 4230 hist.
1038 4180 1118 4243 plant.
1131 4177 1166 4226 11.
1182 4181 1204 4238 7,
1217 4181 1241 4225 t.
1261 4215 1291 4224 -

172 4247 335 4312 semissano.
356 4290 387 4299 -
405 4258 428 4299 et
439 4258 513 4311 terra,
525 4251 549 4300 d.
568 4256 664 4309 eterra,
676 4264 699 4297 a.
