2896 4792
202 277 264 341 366
551 293 754 340 nannenus
777 292 971 341 meremur

245 444 285 511 V.
310 445 361 508 11.
383 442 505 509 Lilium
527 466 619 509 rosae
645 443 809 510 nobilitate
830 465 1023 529 proxumum
1050 454 1098 509 est
1125 457 1162 542 et·
1184 398 1332 529 quadam
1346 465 1381 510 22

201 546 393 634 cognatione
412 545 568 634 unguenti
591 545 715 629 oleique
737 544 961 631 quodlirinon
983 545 1176 631 appellatum
1210 558 1244 612 et
1272 548 1329 613 in·

101 643 112 653 ”
200 647 340 734 positum
362 647 459 713 etiam
479 669 630 712 maxume
658 669 749 714 rosas
770 646 880 724 decet,
907 646 1013 711 medio
1034 659 1192 732 proventu
1214 671 1331 713 earum

201 747 368 834 incipiens.
391 748 460 814 Neo
482 748 539 813 ulli
565 747 680 814 florum
708 746 878 834 excelsitas
904 747 1020 825 maior,
1049 748 1211 813 interdum
1233 748 1330 813 cubi-

201 862 307 915 torum
330 850 443 929 trium,
466 849 621 938 languido
643 871 770 936 semper
791 848 872 915 collo
884 859 916 913 et
936 870 1000 914 non
1017 849 1193 915 sufficiente
1208 850 1330 936 capitis

200 952 301 1017 oneri.
339 950 470 1017 Candor
491 951 561 1016 eius
583 951 720 1016 eximius
750 951 829 1016 foris
852 949 956 1015 striati
983 960 1015 1015 et
1036 950 1077 1015 ab
1105 951 1264 1037 angustiis
1291 952 1329 1016 in
1343 970 1380 1014 22

163 1070 171 1084 ·
199 1052 402 1118 latitudinem
424 1053 578 1139 paulatim
607 1074 677 1118 sese
703 1051 842 1117 laxantis
868 1051 974 1138 effigie
1002 1052 1134 1132 calathi,
1160 1053 1329 1139 resupinis

200 1175 260 1238 per
280 1154 436 1219 ambitum
456 1152 556 1220 labris
583 1153 736 1236 tenuique
764 1153 831 1239 pilo
851 1165 885 1218 et
914 1155 1084 1218 staminum
1106 1155 1264 1220 stantibus
1292 1155 1329 1218 in

199 1253 307 1321 medio
328 1256 440 1321 crocis.
463 1255 515 1320 Ita
532 1255 612 1319 odor
625 1255 774 1338 colorque
791 1252 922 1340 duplex,
943 1266 977 1319 et
991 1255 1073 1321 alius
1088 1255 1216 1340 calycis,
1239 1257 1329 1322 alius

199 1356 357 1436 staminis,
378 1358 561 1424 differentia
581 1367 735 1443 angusta3
764 1355 799 1420 in
826 1356 984 1441 unguenti
1010 1378 1087 1423 vero
1108 1357 1233 1441 oleique
1261 1380 1328 1423 usu

141 1520 143 1525 ⁴
200 1469 234 1523 ct
253 1457 330 1525 folia
351 1481 415 1524 non
438 1469 642 1544 spernuntur.
665 1456 727 1522 Est
749 1457 809 1522 llos
829 1478 894 1521 non
914 1456 1077 1523 dissimilis
1098 1457 1145 1523 illi
1167 1458 1201 1521 in
1221 1457 1330 1524 herba
1344 1476 1381 1520 24

198 1579 295 1642 quam
317 1560 540 1625 convolvolum
557 1569 682 1636 vocant,
705 1575 841 1623 nascens
862 1580 921 1643 per
941 1559 1094 1638 frutecta,
1116 1558 1203 1625 nullo
1224 1558 1329 1625 odore

199 1681 261 1725 nec
282 1661 385 1727 crocis
406 1661 503 1738 intus,
527 1659 699 1726 candorem
716 1669 840 1724 tantum
854 1658 995 1725 referens
1017 1682 1054 1725 20
1075 1660 1174 1725 veluti
1187 1670 1329 1726 naturae

201 1761 421 1826 rudimentum
455 1761 522 1826 lilia
558 1761 666 1826 facere
699 1758 923 1838 condiscentis.
977 1759 1066 1825 Alba
1105 1759 1172 1826 lilia
1206 1762 1329 1828 iisdem

198 1862 348 1928 omnibus
363 1862 466 1929 modis
483 1873 633 1928 seruntur
655 1862 773 1946 quibus
793 1883 885 1940 rosa,
913 1870 945 1925 et
959 1861 1021 1927 hoc
1036 1862 1176 1947 amplius
1190 1863 1330 1928 lacrima
1403 1850 1406 1853 ¹

199 1983 259 2028 sua
278 1975 314 2028 ut
343 1963 591 2051 hipposelinum,
607 1963 749 2047 nihilque
764 1973 813 2028 est
827 1962 1008 2042 fecundius,
1030 1985 1095 2027 una
1109 1963 1215 2029 radice
1226 1966 1328 2047 quin-

199 2086 366 2152 quagenos
389 2087 486 2150 saepe
508 2064 672 2130 emittente
693 2062 818 2128 bulbos.
840 2062 904 2128 Est
926 2074 958 2128 et
971 2064 1092 2129 rubens
1112 2063 1214 2128 lilium
1233 2065 1330 2148 quod

201 2166 321 2232 Graeci
342 2165 452 2231 crinon
484 2177 617 2244 vocant,
646 2165 699 2230 alii
727 2164 839 2230 florem
866 2165 936 2230 eius
949 2164 1179 2249 ‹cynon-odom
1208 2164 1328 2235 lauda-

203 2262 364 2333 tissimum
378 2267 412 2330 in
424 2266 598 2331 Antiochia
612 2265 825 2331 chaodioea
839 2261 972 2350 Syriae,
990 2287 1067 2330 mox
1081 2266 1113 2330 in
1129 2265 1327 2346 Phaselide3

198 2381 348 2452 quartum
369 2370 474 2434 locum
495 2368 620 2454 optinet
640 2367 673 2431 in
695 2366 789 2432 Itslia
809 2388 957 2432 nascens.

243 2471 293 2535 12.
319 2469 402 2535 Sunt
422 2481 455 2534 et
468 2491 632 2556 purpurea
639 2468 723 2546 lilia,
744 2467 918 2553 aliquando
932 2467 1061 2556 gemino
1082 2466 1328 2544 caulspcarno-
1345 2487 1380 2531 22

200 2573 283 2637 siore
305 2582 429 2636 tantum
450 2571 561 2637 radice
581 2569 777 2654 maiorisque
803 2568 892 2634 bulbi
922 2569 979 2634 sed
1001 2569 1113 2645 unius3
1141 2569 1329 2636 narcissum

200 2684 323 2737 vocant.
346 2671 455 2738 Huius
475 2672 610 2738 alterum
631 2693 736 2761 genus
755 2669 832 2736 flore
854 2670 1001 2748 candido,
1025 2671 1134 2755 calyce
1149 2692 1329 2756 purpureo.

234 2848 303 2910 §22
327 2847 421 2906 liriaco,
431 2848 548 2898 Dioscor.
562 2853 586 2907 ³,
601 2853 640 2897 16.
662 2845 743 2907 hlircn,
755 2846 838 2898 RVd.
857 2886 888 2894 -
908 2853 931 2894 et
941 2844 1084 2908 impositam,
1096 2845 1157 2894 RV.
1179 2843 1329 2906 depositum,

201 2920 226 2967 d.
252 2916 393 2979 appetitum,
404 2915 438 2965 K.
461 2913 720 2978 interpositrcnfflard.
740 2954 772 2963 ..
794 2911 862 2962 22210
873 2911 998 2973 interdum,
1011 2913 1044 2963 Κ.
1062 2953 1093 2962 -
1117 2910 1329 2976 1222221211ῑά

202 2982 348 3048 1029141211.
366 2980 493 3046 loupitudo,
504 2983 557 3032 V2.
575 3023 606 3032 ..
625 2981 785 3042 22222211.

235 3054 304 3114 §28.
322 3049 522 3111 sm'f'sRVTd·
540 3042 735 3113 foliisson'sss.
760 3089 792 3098 ..
817 3047 906 3110 striati,
918 3049 966 3099 V¹.
992 3043 1211 3109 2212221111229.
1237 3046 1329 3110 stricti,

201 3118 255 3169 T'd.
275 3157 306 3166 ..
328 3116 443 3181 coquetis,
454 3117 489 3167 V.
509 3158 540 3166 -
565 3114 738 3176 caudens.
762 3155 794 3165 ..
818 3113 1058 3178 12222212,1111Τ(1.
1081 3109 1266 3174 122222122229.
1292 3155 1325 3165 -

200 3184 292 3250 effipia,
303 3187 327 3234 d.
350 3183 452 3249 officim,
464 3186 498 3235 V.
520 3184 649 3248 efficacem,
661 3184 692 3233 R.
712 3225 744 3234 ..
764 3181 824 3247 pilo,
839 3176 959 3236 ORVT.
973 3181 1029 3246 filo,
1042 3178 1114 3247 dstr.
1136 3181 1235 3245 „Pilum
1247 3193 1331 3234 vocat

95 3244 118 3267 ⁴
201 3253 277 3313 Ptin,
298 3253 367 3316 quod
388 3253 465 3302 hodie
485 3250 602 3316 pistillum
622 3252 710 3301 dicunt
729 3252 849 3314 botanici,
873 3249 966 3301 clocam
983 3252 1118 3310 Nicander,
1138 3266 1196 3300 cum
1216 3251 1330 3312 genitali

202 3320 315 3370 membro
325 3321 390 3370 asim
398 3319 571 3383 comparans.”
588 3317 753 3371 sonsum.
762 3321 796 3368 ad
805 3321 879 3370 Theo
897 3321 935 3369 hr.
945 3320 1003 3370 hist
1008 3319 1092 3433 plant
1102 3317 1150 3368 VI.
1160 3323 1183 3379 6,
1194 3324 1217 3368 6.
1226 3332 1253 3381 p.
1265 3324 1329 3369 514.

202 3388 324 3439 Nicandri
335 3390 412 3437 verba
424 3395 483 3438 sunt
494 3388 561 3437 clexi
581 3388 607 3436 h.
620 3392 679 3438 tos.
702 3384 732 3435 ἐν
744 3383 778 3435 δέ
790 3401 821 3436 22
833 3385 870 3451 dp
882 3401 925 3444 οις
935 3384 1007 3452 ἀρχα
1017 3383 1073 3451 .έην
1084 3381 1239 3445 pendentm
1253 3382 1329 3434 ὀνει.

201 3451 278 3521 δείην
295 3450 430 3504 ἐπέλασσε
445 3451 536 3520 δεινὴν
566 3450 1043 3520 ρωμήεντοςέναλὸἦνασακορύνην.
1069 3494 1101 3502 -
1128 3451 1329 3512 2222ἰ2222,Κ1.

201 3522 317 3585 mutini,
334 3524 381 3573 1³².
407 3521 500 3584 semine,
516 3518 649 3586 vassr.
673 3521 781 3583 cuimine,
797 3523 865 3573 Pint.
891 3521 1024 3584 ,Stamina
1034 3521 1152 3586 antheras
1164 3534 1267 3570 croceas
1279 3535 1329 3584 ge·

201 3592 284 3641 rectia
298 3591 415 3654 inspice
430 3591 511 3654 pilum
527 3590 554 3638 in
566 3590 652 3640 medio
664 3588 726 3640 flore
737 3591 901 3640 circumstant
911 3598 937 3639 et
949 3589 1085 3639 eminent”
1106 3588 1270 3639 sonuum.
1291 3629 1328 3640 .-

202 3666 226 3706 et
236 3656 306 3718 nlius,
318 3658 363 3708 Rd
375 3656 462 3721 (codd.
475 3655 545 3718 (121.)
563 3655 716 3719 2221212211.
737 3697 762 3706 ..
784 3655 872 3722 calyce
883 3655 954 3718 21122,
967 3672 1018 3706 orn.
1030 3656 1063 3705 B.
1082 3696 1113 3704 -
1131 3655 1251 3714 rumines,
1264 3657 1299 3706 B.

237 3725 305 3786 §ac
331 3723 498 3787 convolvolum,
509 3727 533 3775 d.
551 3724 720 3785 0222212222,
728 3725 790 3776 RV.
801 3765 834 3774 -
852 3731 944 3774 vocent.
955 3722 1122 3785 Natesione
1136 3763 1166 3772 ..
1184 3721 1330 3786 2222122,

199 3792 542 3858 ’12222221212221222Π
555 3798 579 3854 t,
593 3797 615 3842 1.
633 3793 681 3842 VI.
694 3799 717 3855 6,
731 3797 754 3842 8.
770 3832 797 3840 ..
817 3799 851 3852 ut,
862 3793 917 3843 Rd.
934 3799 965 3853 et,
976 3792 1010 3841 V.
1027 3832 1059 3840 -
1077 3791 1166 3851 22222,
1178 3790 1234 3840 Vd.
1252 3791 1329 3853 crim,

202 3862 234 3912 lt.
252 3861 332 3910 22222
343 3861 435 3925 cyrion
448 3861 481 3911 K
500 3901 532 3909 -
550 3867 642 3922 vocant,
654 3860 716 3910 RV.
734 3856 865 3923 appellent,
877 3861 929 3910 Τὰ.
944 3899 975 3909 ..
993 3856 1329 3924 camedonensem

201 3926 256 3991 don,
269 3930 320 3978 V².
346 3927 500 3992 quicorodon,
512 3928 552 3978 V¹
568 3926 639 3990 (cod.
650 3927 835 3977 vetustissimus
846 3925 953 3978 Salmas.
965 3941 1048 3977 exerc.
1061 3941 1087 3990 p.
1099 3932 1156 3977 861.
1168 3927 1192 3975 b.
1204 3923 1248 3987 F.)
1275 3927 1329 3975 cri·

201 3994 342 4056 mosoma,
354 3996 460 4048 Cornan.
471 3997 505 4045 ad
515 3996 632 4046 Dioscor.
646 4001 669 4055 6,
684 3999 740 4043 104.
759 4034 791 4042 -
808 4009 846 4056 20,
857 3995 913 4043 Vd.
930 4001 960 4056 et,
972 3991 1052 4059 Ββγ.
1072 4034 1103 4042 -
1123 3991 1233 4042 Laudice
1244 3991 1327 4059 Assy.

202 4063 262 4123 riae,
274 4065 337 4114 RV.
357 4105 387 4113 -
407 4063 574 4128 2222222211.

236 4129 305 4192 §25-
330 4129 467 4194 aliquando,
479 4133 511 4182 R.
529 4127 634 4194 quando,
646 4129 701 4179 Vd.
719 4130 753 4179 V.
764 4129 897 4193 Theophr.
909 4130 926 4178 h
939 4129 955 4178 1.
968 4129 1005 4178 vl
1023 4135 1046 4189 6,
1057 4135 1081 4179 6.
1095 4169 1126 4177 -
1143 4127 1328 4192 9222202212,

202 4199 235 4249 lt
251 4214 333 4262 pomae
343 4198 417 4259 02212,
429 4200 463 4248 V.
480 4197 571 4263 pernice
581 4195 656 4255 02210,
668 4197 711 4246 d².
727 4195 825 4260 pomino,
838 4199 875 4247 dl.
889 4237 919 4246 ..
938 4212 955 4244 2
966 4194 1032 4258 lilio,
1041 4197 1088 4247 Vd
1098 4194 1184 4257 (codd.
1193 4195 1327 4259 Barbari).

204 4262 303 4326 61212.
323 4305 353 4314 -
372 4274 406 4313 021
417 4263 581 4328 et,B(codd.
593 4261 721 4326 Barbari).
738 4271 769 4325 et,
781 4265 835 4313 Vd.
855 4304 884 4314 ..
905 4264 929 4314 in
941 4261 1103 4328 radicssolio,
1115 4263 1199 4314 RVd.
1215 4261 1286 4326 folia
1299 4264 1328 4314 c'n
