2896 4792
389 282 458 333 mu.
476 282 564 333 xxm.
595 283 674 331 cun.
690 279 790 328 xxrv.
819 274 917 327 sucu.
933 277 1016 322 soar.
1195 259 1256 323 ecl

138 442 228 531 parci
248 462 331 525 quos
351 437 398 504 illi
419 437 530 503 dixere
550 430 802 518 micrcpsycbcs.
836 429 882 494 Et
903 439 952 496 est
972 428 1053 494 ratic
1075 424 1259 493 subtilitatis
1275 450 1318 495 ιιι

138 544 304 615 inmensae
331 564 351 605 a
372 538 509 605 Platone
535 532 745 610 descendens,
773 530 973 615 corpusculis
994 546 1102 595 rerum
1122 527 1259 605 levibus,

139 622 274 722 scabris,
296 638 472 728 angulosis,
494 635 653 713 rotundis,
674 634 778 720 magis
793 632 968 697 autminus
981 630 1024 695 nd
1045 629 1180 695 aliorum
1201 652 1261 692 na·

139 755 245 810 hiram
277 738 519 813 accedentibus3
555 736 629 802 ideo
660 757 726 800 uon
758 734 870 799 eadem
897 731 1044 800 omnibus
1069 753 1180 797 amara
1206 741 1262 797 aut

139 845 249 910 dulcia
273 864 361 920 esse3
396 839 442 906 sic
469 849 502 904 et
522 837 557 902 iu
577 830 767 903 lassitudine
788 835 954 920 proniores
976 855 1048 898 esse
1069 833 1111 899 ad
1132 833 1260 899 iracun-

139 946 227 1011 diam
252 955 286 1010 et
311 944 345 1007 in
376 941 438 1007 siti.
480 938 572 1024 Ergo
601 949 633 1002 et
659 936 740 1001 luae
767 935 866 1001 animi
894 935 1050 1022 asperitas
1076 958 1133 1000 seu
1154 935 1261 1022 potius

138 1046 264 1112 animae
291 1042 433 1108 dulciore
460 1061 536 1105 suco
560 1037 743 1124 mitiga-tur,
774 1037 873 1111 lenito
903 1037 1040 1101 nanmtu
1067 1036 1201 1123 spiritus
1229 1047 1262 1101 et

140 1142 283 1214 molliore
298 1145 383 1210 facto
404 1152 524 1219 meatu,
546 1162 587 1205 ne
611 1138 737 1205 scindat
758 1149 886 1203 euntem
907 1137 1167 1223 redeuntemque.
1190 1137 1261 1202 Ex·

141 1247 318 1335 perimente
341 1244 376 1309 in
405 1266 441 1313 se
462 1243 597 1326 cuique3
629 1236 750 1306 nullius
771 1263 836 1305 non
856 1241 905 1304 ira
925 1240 1106 1323 luctusque,
1134 1239 1280 1305 tristitio‘

142 1358 174 1413 et
200 1345 304 1412 omnis
332 1345 431 1410 animi
457 1345 588 1431 inpetus
617 1342 689 1407 cibo
715 1341 867 1419 mollitur,
899 1340 1037 1424 ideoque
1062 1340 1263 1407 observanda

142 1457 218 1513 sunt
250 1469 332 1532 quac
357 1468 422 1512 non
449 1445 553 1512 solum
578 1465 749 1528 corporum
777 1441 967 1508 medicinam
993 1442 1052 1507 sed
1081 1453 1113 1508 et
1138 1463 1263 1506 morum

140 1545 270 1615 babent.

184 1650 235 1715 52.
268 1648 366 1733 Aqua
390 1649 495 1714 mulsa
520 1659 552 1713 et
577 1646 790 1712 tussientibus
819 1643 908 1710 utilis
934 1644 1081 1723 traditur,
1111 1643 1264 1709 calefacta
1279 1666 1325 1709 rra

141 1748 257 1815 invitat
275 1747 473 1826 vomitiones,
501 1757 610 1813 contra
637 1743 800 1813 venenum
818 1745 963 1832 psimithi
985 1746 1133 1814 salutaris
1155 1744 1263 1810 addito

143 1851 225 1931 oleo,
259 1849 336 1914 item
365 1859 475 1914 eontra
499 1849 685 1934 hyoscyami
712 1870 785 1913 eum
806 1849 888 1913 lacte
909 1871 1058 1913 maxume
1079 1848 1204 1913 asinino
1232 1857 1265 1912 et

141 1963 254 2018 contra
278 1947 466 2028 halicacabi,
493 1961 528 2014 ut
553 1949 702 2014 diximus.
734 1949 916 2015 Inhmditur
942 1961 975 2015 et
994 1949 1127 2015 auribus
1150 1960 1182 2014 et
1203 1971 1262 2036 ge-

141 2052 288 2119 nitalium
315 2050 451 2130 fistulis3
489 2049 590 2117 volvis
616 2051 781 2136 inponitur
807 2072 882 2116 cum
907 2071 991 2137 pane
1019 2052 1117 2129 molli,
1147 2051 1263 2116 subitis

142 2153 331 2230 tumoribus,
357 2151 479 2218 luxatis
506 2151 726 2236 leniendisque
751 2151 908 2218 omnibus.
941 2151 1142 2219 Inveteratae
1169 2175 1264 2218 usum

142 2256 335 2319 damnavere
366 2253 490 2338 posteri
522 2255 628 2318 minus
653 2253 855 2319 innocentem
883 2276 966 2338 aqua
993 2254 1162 2338 minusque
1190 2255 1264 2320 vinc

144 2354 288 2430 fimum3
310 2353 408 2440 longa
429 2364 537 2417 tamen
559 2364 718 2418 vetustate
740 2354 855 2418 transit
875 2354 909 2418 in
931 2356 1057 2431 vinum,
1079 2369 1116 2418 ut
1138 2367 1265 2419 constat

144 2453 226 2519 inter
246 2452 366 2531 omnis,
390 2451 552 2518 stomacho
573 2452 812 2517 inutilissimum
833 2455 1003 2538 nervisque
1025 2455 1227 2521 contrarium.

188 2556 238 2620 53.
268 2552 407 2639 Semper
427 2553 565 2618 mulsum
586 2576 627 2618 ex
648 2564 757 2618 vetere
779 2554 853 2619 vinc
874 2555 1079 2620 utilissimum
1099 2554 1264 2619 freissime-
1279 2574 1326 2619 rra

143 2677 208 2740 que
223 2678 296 2722 cum
311 2655 407 2722 melle
425 2668 646 2742 concorporat,
673 2656 761 2740 quod
779 2656 814 2721 in
836 2656 923 2721 dulci
944 2679 1118 2740 numquam
1140 2656 1263 2732 evenit3

147 2831 171 2878 d.
191 2868 222 2878 ...
245 2827 330 2891 minas,
345 2842 396 2879 cm.
409 2831 433 2878 d.
453 2869 484 2877 ..
507 2827 652 2879 edebam
665 2835 775 2879 naturum
787 2825 956 2889 accedentibus,
968 2830 1014 2879 Rc
1031 2827 1122 2894 (aquo
1134 2839 1219 2879 tamen
1231 2826 1267 2877 od

145 2894 237 2957 abest).
264 2903 307 2943 aut
321 2894 421 2944 oliorum
433 2889 543 2945 acturum
555 2896 729 2961 accipientibus,
741 2898 775 2945 V.
793 2894 894 2945 aliorum
905 2903 1006 2944 noturus
1017 2896 1190 2960 accipientibus,
1205 2888 1264 2947 θΤ.

147 3004 178 3014 ..
196 2979 284 3011 amara
295 2971 338 3011 out
349 2961 437 3020 dulcia,
453 2980 476 3013 v.
488 2966 573 3014 Hand.
586 2963 695 3014 Turscll.
710 2970 731 3024 l,
745 2967 802 3015 544.
821 3005 852 3014 -
872 2962 897 3012 in
909 2961 1055 3023 lassitudine,
1067 2964 1123 3014 Vd.
1150 2963 1264 3013 illcssitu-

144 3029 207 3093 dise,
219 3033 252 3082 R.
267 3071 298 3082 ..
316 3030 341 3080 in
352 3030 400 3093 sisi,
411 3032 467 3082 Vd
485 3031 576 3093 incutit,
589 3033 619 3083 R
634 3073 665 3082 ..
683 3029 919 3092 hommimisfflv.
937 3030 1088 3090 animatae,
1099 3034 1123 3082 d.
1137 3072 1167 3082 -
1186 3031 1264 3094 lecito,

146 3100 177 3149 Τ.
203 3096 267 3160 aar,
280 3094 384 3162 Vdssy.
410 3097 466 3148 em
476 3098 504 3159 is,
516 3099 549 3149 Κ.
575 3099 646 3162 vau,
661 3100 693 3149 lt
711 3139 743 3148 ..
766 3099 869 3149 ceasia
879 3097 984 3162 mirisa,
1001 3100 1114 3150 RVTc.
1141 3100 1264 3150 semime

145 3164 251 3228 spiritum,
264 3160 315 3229 ssy.
329 3205 360 3214 ..
377 3165 558 3228 molliorefcctc
568 3175 656 3227 mam,
671 3160 780 3216 OVTd.
797 3165 914 3216 molliores
917 3166 990 3230 sueto
1001 3175 1087 3228 meatu,
1099 3168 1129 3217 R.
1148 3167 1266 3218 molliores

139 3231 208 3295 fucit
217 3228 378 3295 mentuastr.
397 3271 428 3281 ..
453 3231 556 3294 modas,
572 3235 686 3284 BVTd.
712 3229 892 3297 adudcatssr.
911 3273 942 3282 ..
969 3232 1153 3298 redeuntesque,
1170 3253 1220 3286 om.
1233 3238 1265 3287 R.

149 3339 180 3348 -
202 3297 436 3362 spermatum.
462 3297 660 3363 Spiruorerstc,d.
680 3339 710 3349 ..
736 3299 907 3364 luctusque,R.
935 3299 1083 3363 luctur,Vd.
1102 3342 1133 3350 -
1157 3304 1266 3359 tra'str'tsise

147 3366 229 3426 ommi,
240 3366 272 3416 lt
292 3406 323 3414 -
341 3364 419 3426 habet,
431 3367 463 3417 B.

181 3435 267 3496 im·
293 3431 422 3494 calefaciat
437 3433 521 3494 insita,
537 3435 569 3484 R
594 3474 624 3485 ..
649 3433 776 3498 mmsis,
788 3435 822 3486 V.
845 3433 980 3500 pessulis,
996 3435 1027 3485 lt
1050 3433 1265 3503 psimmymiissy.

150 3540 181 3550 ..
205 3498 352 3565 amasi,
369 3515 403 3552 sc
421 3515 560 3563 vencnum
583 3503 620 3550 ita
634 3517 682 3553 uos
698 3503 852 3567 scripsimus.
878 3501 1054 3568 hyoscyamum,
1071 3500 1203 3570 uvsssr,
1229 3506 1267 3555 At

145 3569 234 3618 stanin
246 3568 313 3618 inira
324 3583 413 3619 omnes
425 3570 500 3619 codd
513 3571 657 3632 genetivum
669 3571 857 3632 commendant,
867 3571 911 3633 qui
923 3571 1041 3620 hocloco
1054 3569 1175 3623 facillima
1186 3583 1267 3624 trane·

148 3636 184 3684 irc
199 3637 283 3699 potuit
297 3637 324 3685 in
339 3638 511 3688 accusativum
528 3645 632 3700 propter
647 3639 804 3688 vicinitatem
820 3639 1013 3702 praepositionis
1025 3646 1119 3703 aarum
1138 3655 1182 3691 cur
1201 3641 1267 3691 infra

94 3725 96 3727 >
147 3704 306 3753 accusativus
323 3719 340 3753 a
355 3705 465 3754 librariis
480 3706 508 3754 in
522 3705 667 3766 maurum
678 3705 711 3755 sit
721 3711 842 3767 mutatus,
858 3707 930 3757 nulla
940 3708 1011 3757 adest
1020 3721 1105 3758 eausa
1124 3750 1154 3758 -
1178 3707 1265 3759 alicac-

149 3768 210 3829 eats,
222 3771 264 3831 ιὴ
277 3767 441 3826 mmmmm
453 3773 487 3822 v.
511 3769 572 3820 law
580 3772 671 3832 mats,
684 3775 708 3823 c.
731 3770 902 3836 caumatum,
913 3768 963 3838 βγ.
982 3815 1014 3824 -
1037 3773 1141 3825 duma
1153 3783 1193 3839 ar,
1209 3783 1265 3828 1ss.

149 3875 182 3886 -
197 3835 296 3898 fistulis,
312 3838 344 3886 R
362 3837 473 3900 fistulae,
489 3832 569 3889 OVd.
594 3881 625 3888 -
652 3839 677 3888 ia
692 3840 783 3902 subitis,
798 3843 888 3892 Dalcc.
908 3881 939 3890 ..
966 3841 1094 3904 timoribus,
1110 3845 1214 3896 Barbas,
1234 3887 1265 3894 ..

147 3901 240 3961 husim
257 3902 422 3967 leniendisque,
438 3906 471 3955 R.
497 3904 683 3970 immotaque,
694 3908 728 3959 V.
754 3906 934 3972 laesusquad.
952 3949 984 3958 -
1005 3907 1199 3973 mammaea.
1225 3912 1267 3961 Irr-
1374 3950 1382 3963 ,

145 3978 219 4023 mota
229 3979 258 4032 at,
270 3972 302 4024 B.
314 3969 429 4034 domm,
438 3974 465 4023 V
476 3975 573 4024 duabus
585 3975 681 4036 litteus
693 3977 731 4025 uti
742 3977 849 4038 videtur,
862 3977 948 4027 erasis
960 4016 992 4025 ..
1011 3991 1085 4037 susm,
1097 3979 1130 4029 R
1148 3978 1183 4028 cd
1192 3996 1267 4042 mum,

149 4038 205 4088 Vd.
218 4079 250 4088 ..
257 4038 418 4156 yperpessarum,
429 4041 534 4091 Barbas.
546 4043 571 4090 d·
588 4041 715 4106 innocente,
727 4043 789 4094 RV.
802 4085 834 4094 ..
851 4059 949 4108 aquam,
960 4044 994 4092 V.
1008 4084 1039 4092 -
1053 4045 1180 4109 missaque,
1194 4050 1225 4098 R.
1242 4048 1267 4097 in

146 4121 245 4168 sesque,
307 4142 314 4156 .
1250 4132 1253 4137 ¹

182 4175 269 4237 ill&
295 4181 458 4238 concorporat,
467 4169 559 4227 ORV.
585 4185 775 4241 cmaorpcratssr,
792 4173 864 4243 ᾱβγ.
889 4179 1003 4242 Deipsc
1018 4179 1136 4230 mulsos.
1150 4183 1267 4233 Dicaeos.

151 4245 174 4303 t,
194 4247 234 4292 lc.
253 4282 282 4293 -
302 4239 373 4306 quod,
385 4242 470 4294 va.
487 4250 511 4292 st
526 4241 600 4307 quod,
620 4245 699 4296 Hasd.
717 4253 743 4297 ct
758 4260 777 4311 γ
792 4247 854 4296 vitio
872 4261 1014 4311 operarum.
1048 4314 1065 4347 ἔ
