2896 4792
347 296 419 343 nus.
434 295 538 343 xvm.
563 295 647 343 ose.
663 297 738 344 xvr.
755 297 846 345 nvn.
875 297 973 345 succ.
988 298 1071 342 cau.
1205 282 1264 347 175

141 448 265 528 berbis,
290 449 333 513 ad
354 448 516 513 trimatum
538 449 651 513 marris
674 449 715 512 ad
738 450 842 514 solum
863 449 951 524 radi3
973 449 1019 514 ita
1034 450 1176 534 reliquae
1191 450 1265 517 ber-

141 552 202 618 bae
215 552 380 617 intereunt
397 548 466 614 sine
486 549 589 635 ipsius
608 550 725 615 damno
744 559 871 636 propter
891 550 1092 616 altitudinem
1111 551 1265 616 radicum.

141 649 179 718 Si
201 652 357 717 evicerint
376 649 510 729 herbae,
533 651 709 716 remedium
728 652 860 717 unicum
880 651 914 716 in
928 662 1034 716 aratro
1049 652 1178 738 saepius
1192 675 1266 719 ver·

141 753 255 832 tendo,
279 752 383 818 donec
404 774 514 817 omnes
536 752 618 818 aliae
631 752 756 818 radices
770 752 939 819 intereant.
962 752 1043 818 Dari
1065 776 1129 818 non
1150 754 1192 819 ad
1213 752 1265 820 sa'-
1282 771 1328 815 us
1432 792 1437 798 ·

141 856 283 921 tietatem
302 854 414 932 debet,
437 875 478 918 nc
500 854 630 940 deplere
652 854 843 940 sanguinem
864 876 995 919 necesse
1018 855 1074 930 sit3
1098 865 1130 919 et
1152 854 1266 920 viridis

141 956 252 1023 utilior
274 966 334 1021 est.
355 956 487 1021 Arescit
505 956 670 1021 surculose
690 978 729 1021 ac
746 966 908 1041 postremo
928 956 963 1020 in
984 956 1151 1042 pulverem
1171 957 1266 1021 inuti·
1301 996 1305 1003 ·

140 1061 204 1125 lem
226 1067 426 1124 extenuatur.
460 1056 513 1123 Dc
535 1058 654 1143 cytiso,
682 1057 735 1122 cui
756 1069 788 1122 et
808 1057 873 1143 ipsi
894 1057 1094 1145 principatus
1115 1058 1266 1123 daturin

141 1159 284 1247 pabulis,
319 1158 451 1223 adfatim
479 1158 619 1224 diximus
646 1158 731 1224 inter
756 1158 899 1224 frutices.
941 1159 986 1223 Et
1016 1182 1102 1224 nunc
1135 1160 1266 1245 frugum

141 1260 283 1326 omnium
315 1271 431 1325 natura
462 1260 648 1348 peragenda
680 1271 745 1337 cst,
778 1258 870 1325 cuius
897 1261 932 1325 in
959 1272 1051 1346 parte
1080 1260 1121 1326 de
1147 1262 1267 1343 morbis

141 1384 269 1448 quoque
291 1362 426 1429 dicatur.
1016 1424 1024 1440 ‚

183 1463 302 1530 XVII.
334 1465 387 1528 44.
420 1462 565 1527 Primum
595 1462 736 1527 omnium
765 1461 918 1527 frumenti
949 1463 1061 1528 vitium
1083 1486 1186 1530 avena
1207 1475 1266 1544 est,
1283 1479 1330 1524 14⁹

142 1578 175 1633 et
193 1563 348 1633 hordeum
367 1565 402 1630 in
421 1587 492 1630 eam
512 1564 689 1650 degenerat
712 1564 814 1637 sicut
827 1563 899 1649 ipsa
918 1563 1070 1630 frumenti
1091 1565 1133 1630 sit
1153 1564 1266 1644 instar,

142 1668 265 1754 quippe
290 1688 364 1731 cum
387 1664 581 1733 Germaniae
608 1665 720 1753 populi
744 1675 852 1731 serant
880 1687 950 1730 eam
971 1687 1075 1749 neque
1096 1666 1158 1730 alia
1178 1668 1268 1751 pulte

143 1769 265 1836 vivant.
293 1764 362 1834 Soli
383 1790 537 1833 maxume·
555 1768 698 1852 caelique
720 1789 832 1833 umore
853 1767 914 1833 hoc
935 1767 1041 1832 evenit
1062 1767 1192 1845 vitium3
1215 1790 1267 1837 se·

144 1881 296 1954 quentem
318 1890 448 1936 causam
469 1869 565 1934 habet
586 1868 779 1935 inbecillitas
801 1868 946 1946 seminis,
969 1869 997 1934 si
1019 1868 1139 1935 diutius
1160 1879 1267 1936 reten-

143 1983 211 2036 tum
233 1981 284 2036 est
305 1979 391 2035 terra
411 1970 502 2056 prius
524 1990 622 2053 quam
644 1981 800 2056 erumpat
822 1969 948 2035 Eadem
965 1970 1044 2035 ratio
1066 1981 1098 2036 et
1118 1971 1146 2036 si
1167 1971 1331 2037 cario-1⁵⁰

143 2092 214 2137 sum
246 2071 308 2136 luit
339 2093 412 2139 cum
445 2081 615 2138 sereretur.
670 2070 780 2136 Prima
819 2081 927 2137 autem
959 2071 1067 2136 statim
1100 2072 1267 2158 eruptione

143 2172 369 2260 adgnoscitur,
396 2195 436 2238 ex
463 2194 528 2257 quo
549 2171 685 2258 adparet
705 2171 738 2237 in
760 2171 867 2238 radice
889 2193 960 2239 esse
981 2192 1120 2238 causam.
1152 2172 1269 2238 Estet

144 2274 231 2339 aliud
261 2296 302 2339 ex
327 2275 434 2340 vicino
459 2296 581 2340 avenae
608 2274 738 2352 vitium,
771 2297 845 2340 cum
880 2272 1091 2360 amplitudine
1118 2274 1268 2340 inchoata

143 2398 297 2462 granum,
325 2377 382 2441 sed
403 2374 547 2441 nondum
568 2385 706 2452 matura,
734 2375 825 2461 prius
851 2397 950 2459 quam
970 2374 1068 2441 robur
1088 2387 1120 2440 et
1141 2397 1267 2462 corpus,

144 2478 265 2542 adflatu
296 2477 395 2543 noxio
426 2498 554 2543 cassum
579 2486 611 2542 ct
637 2476 734 2542 inane
759 2476 793 2540 in
822 2477 912 2561 spica
940 2477 1100 2542 evanescit
1128 2476 1267 2560 quodam

142 2579 299 2645 abortivo.
336 2579 435 2646 Venti
465 2588 573 2644 autem
600 2575 704 2642 tribus
730 2577 929 2662 temporibus
957 2588 1074 2644 nocent
1107 2577 1267 2642 frumento
1282 2589 1327 2634 1⁵1

42 2694 45 2701 '
144 2692 177 2747 et
198 2680 334 2748 hordeo:
365 2681 400 2746 in
425 2680 519 2758 llere,
547 2689 605 2744 aut
630 2678 776 2766 protinus
803 2701 877 2744 cum
904 2678 1097 2756 defloruere,
1124 2678 1177 2743 vel
1198 2700 1267 2743 ma·

144 2791 304 2847 turescere
332 2781 576 2868 incipientibus3
606 2791 675 2846 tum
702 2780 785 2845 enim
816 2779 1008 2845 exinaniunt
1035 2801 1151 2866 grana,
1178 2778 1266 2864 prio·

142 2882 232 2948 ribus
259 2884 365 2950 causis
393 2883 482 2949 nasci
509 2881 689 2969 probibent.
724 2879 829 2947 Nocet
857 2891 890 2945 et
917 2881 965 2947 sol
992 2879 1105 2946 creber
1131 2879 1265 2945 enube.

143 3052 1267 3187 aautsu..¹.tuauut¹t.u.tuet1terat}

822 3159 828 3171 .
848 3163 879 3172 ..
1048 3158 1055 3184 ,
1085 3158 1091 3171 .
1110 3162 1141 3170 -

143 3190 238 3251 niman,
250 3192 275 3240 d.
293 3190 423 3252 mimarum,
435 3207 459 3240 a.
835 3230 838 3234 -

136 3308 144 3321 ‚
178 3260 263 3321 5147.
297 3257 546 3319 Verre-trimatum,
559 3257 864 3321 omrvitiooperarum.
889 3297 920 3305 -
946 3256 1042 3318 sarriri,
1055 3257 1124 3306 Pint.
1150 3256 1224 3319 sarri,
1240 3257 1264 3306 d.

144 3324 199 3384 aeri,
216 3319 287 3388 assr.
310 3326 345 3375 V.
363 3325 482 3377 Schneid.
499 3326 532 3376 ad
549 3323 686 3374 Columell.
698 3323 733 3373 IL
749 3330 788 3385 10,
801 3328 842 3375 27.
860 3331 886 3374 ct
901 3323 956 3374 Ian.
973 3324 1040 3374 obss.
1052 3324 1118 3374 critt.
1130 3339 1155 3388 p.
1170 3331 1209 3375 18.
1232 3363 1264 3373 ..

143 3391 240 3452 marris,
253 3393 277 3441 d.
300 3390 324 3440 in
336 3391 409 3455 amis,
421 3410 444 3444 a.
462 3433 495 3443 ..
518 3390 832 3452 intereant-labceom.
845 3407 868 3440 a.
893 3431 924 3441 ..
946 3390 1178 3452 iaaratrc,Dalcc.
1197 3391 1264 3441 lara·

144 3458 184 3519 tio,
197 3454 226 3508 Θ,
244 3467 370 3522 elerum,
382 3475 406 3512 a.
428 3467 521 3520 metro,
533 3462 558 3510 d.
575 3458 663 3518 aare,
674 3460 706 3509 Τ.
724 3458 857 3519 catartaria,
868 3453 918 3522 βγ.

207 3533 263 3578 148.
289 3526 391 3592 deplere,
403 3530 477 3578 codd.
490 3527 547 3578 Get.
572 3524 672 3591 replere,
685 3526 759 3576 Tad.
785 3566 816 3575 -
841 3525 960 3588 pulverem
971 3523 1076 3574 involem
1088 3527 1183 3576 omisso
1195 3525 1228 3587 ia,
1240 3542 1264 3576 a.

143 3601 196 3674 ouu
231 3593 360 3657 puberem,
372 3597 397 3646 d.
416 3637 447 3648 -
466 3596 525 3659 ipsc,
537 3597 562 3646 d.
581 3635 612 3643 ..
631 3592 735 3643 diximus
749 3597 789 3654 la,
803 3598 860 3644 tao.
879 3633 910 3642 ..
929 3593 1022 3652 mortua
1038 3585 1117 3644 θΤᾶ.
1135 3592 1228 3654 modiis,
1240 3609 1263 3643 a.

143 3658 263 3789 mffllqd.
289 3728 328 3790 eit,
340 3730 391 3781 Ta
401 3728 447 3792 fit,
458 3730 473 3779 d
478 3724 500 3791 β
505 3745 530 3795 γ.
544 3771 576 3780 ..
590 3727 677 3794 populi
686 3735 774 3789 munt,
786 3729 860 3778 codd.
874 3726 932 3778 Gel.
949 3727 1044 3791 populis
1055 3724 1131 3786 naal,
1143 3744 1166 3778 a.
1181 3725 1267 3791 populi

143 3805 246 3859 caveat,
258 3798 310 3848 Τὰ.
328 3837 360 3846 ..
379 3805 484 3859 waram,
496 3799 543 3848 ad.
561 3838 592 3848 -
610 3795 640 3859 si,
655 3789 683 3846 Θ.
701 3811 762 3857 mm,
773 3790 846 3856 D2ss.
865 3795 953 3847 Omitt.
965 3797 1053 3846 Dlsd.
1070 3794 1166 3844 sembra
1176 3793 1266 3844 diutim

143 3863 228 3912 retenti
239 3871 312 3926 terra,
323 3880 343 3914 r.
361 3905 392 3914 -
412 3873 524 3928 mmpet,
536 3880 559 3915 a.

178 3934 193 3996 ξ
207 3936 265 3982 tao.
282 3930 349 3980 ratic
358 3939 382 3981 et
391 3931 421 3991 ai,
433 3948 457 3982 a.
474 3933 539 3981 ratio
549 3930 579 3994 ai,
591 3933 616 3982 d.
634 3938 670 3980 est
680 3929 752 3993 rotie,
760 3930 789 3992 si,
798 3925 849 3995 βγ.
863 3970 894 3980 -
910 3929 1149 3991 Primo-masam,
1162 3943 1214 3978 orn.
1226 3928 1264 3979 dl.

146 4039 177 4048 ..
199 3999 273 4048 rebar
283 4006 313 4061 et,
330 4016 354 4050 a
379 3999 479 4059 roboret,
499 3993 551 4050 θᾶ.
577 3999 707 4061 roboretur,
722 3994 774 4063 βγ.
797 4036 828 4048 ..
855 4012 956 4059 caseum,
973 4000 990 4048 d
1006 3996 1092 4059 (codd.
1110 3997 1190 4048 Turn.
1206 3996 1263 4050 adv.

144 4064 254 4185 ἓδῶἒῖᾱ)
272 4107 303 4116 ..
321 4062 438 4117 wamel(
446 4073 520 4129 parta
531 4065 641 4130 quodam,
653 4068 742 4117 Delec.
759 4106 791 4116 -
809 4065 923 4128 abortiva,
935 4066 951 4114 a
962 4062 1049 4128 (codd.
1062 4060 1155 4127 Tum.)
1172 4063 1265 4125 obortu,

177 4204 193 4266 ὃ
208 4207 264 4254 151.
289 4216 372 4262 musa,
383 4216 406 4251 a
424 4200 539 4265 Sumpslt
550 4201 614 4251 baec
624 4201 692 4252 Plim
704 4216 739 4251 ex
749 4200 881 4265 Theophr.
893 4201 952 4251 hist.
964 4199 1044 4263 plant,
1056 4197 1133 4250 vm.
1148 4203 1188 4261 lo,
1197 4205 1222 4251 8.
1232 4238 1263 4249 .-

144 4270 234 4329 ωδε,
244 4285 269 4321 a.
287 4282 318 4318 aa
327 4269 393 4329 naba,
404 4268 459 4321 Τὰ.
562 4284 565 4293 ·
