2896 4792
392 310 462 355 nna
478 309 579 355 xvm.
609 307 686 354 car.
704 309 738 355 Χ.
754 310 802 355 x1.
831 307 929 356 sacr.
944 308 1026 352 am.
1204 289 1266 355 loc

143 462 227 527 ritur
248 481 321 526 oum
344 460 472 546 stipula,
494 461 598 544 palea,
746 470 778 524 at
798 458 919 524 maiore
941 469 1097 525 terrarum
1118 471 1211 546 parte
1224 462 1267 526 ad
1294 472 1302 523 ἶ

143 560 265 649 pabula
287 562 512 627 iumentorum.
548 561 621 626 Mili
648 572 680 628 et
705 560 811 647 panici
837 573 870 625 et
898 561 1032 627 sesimae
1054 570 1267 650 purgamenta

143 663 295 751 apludam
316 672 432 730 vocant
453 674 486 728 et
507 662 584 729 alibi
605 663 678 729 aliis
697 663 890 729 nominibus.

171 767 238 832 84„
259 764 354 831 Milic
370 762 548 852 Campania
568 765 741 851 praecipue
755 765 876 853 gaudet
889 765 1077 850 pultemque
1097 765 1268 831 candidam
1280 777 1330 828 roo

144 868 185 933 ax
213 888 253 934 eo
280 867 375 943 facit3
407 866 445 932 fit
477 877 510 932 et
535 867 630 953 panis
658 866 851 952 praedulcis.
888 863 1109 931 Sarmatarum
1138 887 1267 950 quoque

143 978 257 1054 gentes
285 968 346 1034 hac
371 989 521 1034 maxume
552 969 643 1054 pnlte
676 969 806 1032 aluntur
833 978 865 1032 et
894 967 994 1034 cruda
1025 968 1122 1034 etiam
1153 967 1267 1044 farina,

66 1106 69 1110 ·
144 1069 261 1154 equino
281 1071 365 1136 lacte
388 1072 440 1136 vel
462 1069 660 1158 sanguinea
682 1069 784 1135 cruris
802 1069 894 1134 venis
909 1068 1062 1134 admixto.
1088 1068 1268 1154 Aethiopes
1289 1058 1305 1091 ‘¹

143 1192 208 1235 non
227 1170 322 1236 aliam
343 1172 470 1260 frugem
492 1193 588 1256 quam
609 1171 677 1236 mili
698 1171 875 1254 hordeique
897 1191 1026 1237 novera.

187 1273 238 1339 25.
259 1272 381 1339 Panico
403 1284 435 1338 et
451 1272 576 1340 Galliae
597 1271 740 1357 quidem,
762 1272 934 1358 praecipue
956 1272 1135 1357 Aquitania
1155 1271 1268 1352 utitur,
1283 1287 1327 1334 101

144 1373 202 1439 sed
224 1384 256 1440 et
274 1373 520 1461 circumpadana
542 1373 638 1439 Italia
659 1372 770 1438 addita
791 1373 884 1452 faba,
914 1373 984 1439 aine
1004 1394 1070 1457 qua
1088 1373 1169 1439 nihil
1191 1394 1268 1440 con-

90 1542 99 1557 ,
142 1474 265 1541 ficiunt.
300 1474 456 1543 Ponticae
483 1485 599 1564 gentes
627 1475 749 1540 nullum
781 1473 898 1560 panico
930 1476 1117 1561 praeferunt
1149 1475 1268 1541 cibnm.

146 1574 265 1643 (latero
292 1578 414 1642 aestiva
443 1577 605 1642 frumenta
625 1575 729 1662 riguis
749 1576 854 1663 magis
876 1576 972 1642 etiam
993 1580 1097 1661 qnam'
1111 1575 1269 1642 imbribus

145 1678 305 1767 gandent,
338 1679 463 1744 milium
488 1688 522 1743 et
548 1678 698 1764 panicum
725 1679 818 1762 aquis
844 1678 1000 1756 minume,
1030 1699 1104 1743 cum
1130 1676 1164 1742 in
1191 1677 1269 1744 folla

145 1790 273 1846 exeunt.
305 1779 428 1846 Vetant
454 1801 495 1845 ea
513 1779 599 1846 inter
620 1779 695 1845 vitis
716 1779 888 1845 arboresve
909 1779 1083 1865 frugiferas
1105 1779 1178 1857 sari,
1201 1789 1267 1845 ter·

144 1903 214 1945 ram
234 1880 385 1947 emaciari
405 1882 467 1947 hoc
489 1891 561 1946 satu
582 1881 825 1947 existumantes.

186 1980 252 2047 XI.
284 1983 336 2049 26.
369 1981 442 2046 Mili
463 1980 658 2068 praecipuus
680 1981 722 2045 ad
744 1981 902 2047 fermenta
924 2003 1002 2046 usus
1023 2003 1042 2046 e
1063 1992 1169 2074 musto
1189 1980 1267 2046 sub·
1283 1997 1331 2042 roa

145 2085 208 2149 acti
227 2084 261 2148 in
282 2106 423 2149 annuum
446 2093 582 2169 tempus.
616 2081 729 2148 Simile
749 2083 786 2147 fit
807 2105 826 2148 a
848 2082 945 2148 tritici
966 2081 1069 2168 ipsius
1090 2082 1269 2148 furfuribus

144 2185 277 2251 minutia
305 2196 338 2250 ot
364 2185 503 2272 optumis
529 2207 549 2249 a
574 2194 682 2250 musto
709 2185 782 2251 albo
810 2183 919 2249 triduo
943 2193 1101 2249 maturato
1127 2182 1270 2250 subactis

145 2309 184 2354 ao
205 2287 272 2352 sole
292 2287 438 2365 siccatis3
465 2287 542 2352 inde
563 2286 706 2373 pastillos
726 2286 760 2352 in
782 2308 865 2372 pano
887 2286 1035 2352 faciendo
1054 2284 1173 2351 dilutos
1195 2278 1269 2351 cuni

146 2388 327 2475 similagine
349 2387 479 2454 seminis
499 2388 711 2453 fervefaciunt
731 2398 827 2473 atque
849 2388 895 2452 ita
914 2387 1036 2452 farinae
1054 2388 1200 2465 miscent,
1222 2386 1270 2453 sio

145 2500 313 2576 optumum
333 2512 451 2576 panem
471 2489 541 2555 fieri
562 2489 763 2555 arbitrantes.
797 2486 914 2554 Graeci
940 2488 974 2553 in
995 2489 1089 2554 binos
1109 2488 1270 2554 semodios

145 2591 269 2658 farinae
282 2591 358 2656 sau's
372 2613 443 2657 esse
456 2591 584 2656 bessam
597 2590 745 2656 fermenti
759 2590 962 2656 constituere.
987 2588 1032 2654 Et
1044 2587 1124 2655 baec
1139 2588 1269 2674 qnidam
1284 2604 1330 2649 loa

145 2714 265 2782 genera
293 2692 464 2758 vindemiis
485 2702 610 2757 tautum
630 2692 728 2768 fiunt;
756 2712 822 2775 quo
842 2691 942 2756 libeat
961 2710 1039 2755 vero
1060 2701 1205 2774 tempore
1227 2710 1268 2757 ex

146 2816 230 2879 aqua
250 2794 435 2880 hordeoque
456 2793 589 2860 bilibres
617 2793 702 2858 offae
724 2793 860 2858 ferventi
882 2792 955 2858 foco
976 2792 1028 2856 vel
1049 2791 1139 2857 fictili
1159 2791 1270 2876 patino

146 2906 308 2961 torrentur
329 2895 436 2960 cinere
457 2904 490 2960 et
512 2894 649 2960 carbone
670 2915 773 2978 usque
788 2894 865 2958 dum
885 2892 1034 2969 rubeant3
1057 2903 1169 2979 postea
1191 2912 1269 2976 ope·
1312 2952 1315 2961 ,

147 3075 263 3118 moram
271 3076 353 3132 parta,
367 3061 449 3118 θΤᾱ.
466 3075 493 3117 ut
503 3068 592 3117 maiore
603 3067 628 3116 iu
640 3075 757 3117 terrorum
765 3075 846 3132 porte,
858 3063 909 3132 βγ.
927 3068 1023 3131 Recepi
1032 3067 1169 3118 lectionem
1178 3067 1235 3115 cod.
1245 3081 1269 3129 a,

146 3136 337 3200 lacnnaesigno
350 3136 497 3200 praemisso.
521 3175 552 3185 ..
575 3133 753 3199 adpabolo,a.
780 3134 816 3184 ad
823 3134 946 3199 pabulum,
961 3127 1040 3185 θΤᾱ.
1064 3131 1162 3198 pabulo,
1179 3134 1212 3183 Κ.
1237 3174 1268 3182 ..

145 3196 528 3331 lgnffiegwlbgpimmmm'
540 3205 584 3254 ad.
604 3226 635 3252 ·.
652 3218 766 3264 sesam,
778 3199 829 3267 βγ.
849 3243 880 3252 ..
898 3199 1038 3266 adpludam,
1050 3205 1094 3252 ad.
1115 3241 1145 3250 ..
1169 3207 1192 3250 et
1203 3196 1269 3261 alibi,

146 3354 266 3482 duwe.
290 3351 492 3483 armai
510 3352 714 3422 saayteinecmria
725 3355 820 3405 omissa
830 3354 1052 3418 praepositiones,
1067 3345 1140 3402 θεὰ.
1159 3390 1190 3402 ..
1215 3349 1269 3399 iov-

181 3436 272 3568 §1le
286 3512 309 3552 et
323 3503 429 3565 Gallice,
444 3495 535 3556 licor.
554 3513 577 3554 et
591 3504 683 3567 Gallia,
695 3507 726 3556 Τ.
747 3503 852 3566 Gallim
863 3500 893 3565 β.
908 3545 939 3553 .-
957 3498 1269 3567 qoidem,n.oqoutem‚'1·.

147 3570 252 3633 quidam,
268 3564 317 3623 Oa.
345 3571 470 3636 quaedam,
485 3568 515 3635 β.
538 3614 570 3624 -
596 3571 894 3636 nibilconficiuntomitt
911 3573 957 3621 ad.
981 3611 1011 3620 ..
1042 3570 1133 3630 Cetera,
1154 3563 1269 3620 OTadr.

150 3636 238 3716 Uetere,
249 3635 302 3718 fir.
321 3639 440 3693 Ceterum
452 3657 475 3719 y.
489 3641 623 3706 Theophr.
636 3641 695 3691 bisc
707 3641 787 3705 plant.
799 3639 876 3690 VIII.
890 3643 913 3700 7,
925 3645 949 3689 3.
969 3677 1000 3688 ..
1018 3641 1073 3702 qui,
1084 3654 1116 3716 a..
1126 3633 1189 3701 q'¹m,
1199 3639 1225 3687 d.
1237 3676 1269 3685 -

71 3731 73 3736 ·
147 3700 671 3840 maufigbremfflzzisspspodd·
684 3709 832 3759 Tomadv.
846 3713 887 3768 2⁸,
900 3703 955 3768 42.)
980 3721 1122 3766 cmocmra,
1137 3697 1179 3753 θ’.
1206 3718 1270 3753 ma·

181 3809 267 3921 §loa
294 3858 399 3919 suiad,
414 3852 443 3909 θ.
470 3858 583 3920 arebat,
595 3860 640 3910 ao.
668 3874 698 3908 en
710 3858 788 3920 ciam
797 3854 847 3922 βγ.
873 3896 904 3908 ..
926 3857 1035 3918 miano,
1048 3859 1101 3907 Tc.
1125 3895 1155 3905 -
1179 3853 1271 3916 ορὲωἰε,

146 3924 237 3976 Daleo.
254 3967 284 3977 -
304 3934 431 3987 mamroto,
444 3943 467 3976 a
485 3933 613 4005 mocerata
629 3920 707 4005 θΤᾱ.
724 3926 977 4005 mummi
988 3925 1107 4004 Schneid.
1125 3923 1159 3999 acl
1169 3920 1270 3972 Pallori

302 3986 1271 4125 aurauffl

148 4125 242 4188 bernam
253 4128 289 4178 itu
300 4143 347 4179 noo
358 4129 513 4191 scripsimus.
530 4128 606 4189 beten,
622 4119 650 4179 θ.
668 4129 741 4190 bosea,
751 4131 797 4178 ad.
815 4128 899 4188 baua,
909 4121 960 4190 βγ.

180 4207 268 4270 §1⁰³-
294 4207 503 4274 buaoqafdatad.
528 4209 694 4273 coeddam
799 4224 806 4233 ·

1049 4275 1066 4308 ff
