2896 4792
173 261 235 326 412
526 276 732 324 aaronitas
754 275 950 348 u1srorusu

216 427 334 493 XXV.
369 429 419 493 96.
455 426 684 513 Heliohrysum
705 427 758 493 alii
781 426 1049 513 chrysanthemon
1072 439 1198 493 vocant
1233 427 1306 494 Ra-
1323 436 1366 499 tos

173 530 276 594 mulos
299 529 396 595 habet
417 528 583 606 candidos,
605 528 682 594 folia
704 527 884 607 subalbida,
907 528 1085 595 habrotono
1106 529 1238 608 similia,
1263 531 1308 595 ad

174 629 250 697 solis
271 653 495 716 repercussum
517 652 633 696 aureae
654 630 733 695 lucis
754 630 788 695 in
810 629 921 697 orbem
943 630 1042 696 veluti
1057 629 1222 715 corymbis
1245 632 1308 696 de·

173 732 388 820 pendentibus
409 731 464 816 qui
487 753 662 815 numquam
683 742 900 809 marcescunt,
934 755 999 816 qua
1026 732 1067 797 de
1093 753 1194 796 eausa
1223 733 1308 799 deos

174 844 325 900 coronant
354 833 424 909 illo,
455 833 540 917 quod
566 833 812 918 diligentissime
839 833 981 898 servavit
1001 832 1207 899 Ptolemaeus
1232 833 1306 899 Ae-

172 935 266 1023 gypti
288 957 356 1000 rex.
390 933 546 1000 Nascitur
567 934 600 998 in
622 933 787 1010 frutectis3
816 935 878 1000 ciet
899 935 1010 1000 urinas
1031 957 1049 999 e
1071 933 1146 998 vino
1168 945 1252 1019 pota
1274 947 1307 1001 et
1322 958 1367 1003 rea

173 1057 316 1117 menses,
345 1034 482 1099 duritias
509 1045 542 1099 et
569 1033 834 1101 inhumationes
862 1035 1010 1115 discutit,
1038 1035 1199 1100 ambustis
1227 1058 1307 1102 cum

173 1136 266 1201 melle
287 1135 460 1222 inponitur.
492 1132 616 1201 Contra
638 1137 835 1220 serpentium
857 1136 941 1202 ictus
963 1147 996 1201 et
1016 1135 1200 1201 lumborum
1223 1137 1309 1202 vitia

172 1236 311 1315 bibitur;
348 1237 539 1322 sanguinem
572 1249 755 1303 concretum
783 1238 904 1303 ventris
932 1249 988 1302 aut
1009 1237 1136 1303 vesicae
1159 1235 1308 1303 absumit

174 1360 246 1404 cum
267 1339 379 1403 mulso.
405 1337 499 1402 Folia
521 1338 591 1402 eius
613 1337 688 1402 trita
709 1337 806 1402 trium
828 1337 993 1403 obolorum
1014 1337 1158 1422 pondere
1181 1337 1308 1404 sistunt

174 1439 330 1526 profluvia
358 1439 527 1503 mulierum
554 1438 587 1501 in
616 1439 692 1503 vino
717 1437 801 1504 albo.
837 1438 949 1505 Vertis
976 1449 1084 1504 tuetur
1109 1437 1210 1504 odore
1240 1462 1306 1505 nou

108 1614 114 1627 Ι
173 1540 355 1627 ineleganti.

215 1641 348 1709 XXVI.
372 1643 423 1706 97.
456 1640 663 1726 Hyacinthus
684 1642 719 1706 in
742 1639 850 1706 Gadis
872 1663 1021 1706 maxume
1042 1640 1208 1726 provenit3
1242 1641 1306 1707 hoc
1322 1665 1370 1711 170

172 1743 218 1810 ibi
240 1743 314 1808 fueo
336 1743 512 1829 hysginum
535 1728 701 1830 tinguitur.
726 1743 833 1806 Radix
848 1753 898 1808 est
909 1742 1075 1821 bulbacea,
1097 1743 1307 1830 mangonicis

174 1844 338 1910 venaliciis
360 1843 493 1930 pulchre
516 1855 606 1923 nota,
633 1866 717 1928 quae
739 1868 756 1910 e
779 1844 854 1911 vino
877 1844 962 1910 dulci
985 1844 1076 1908 inlita
1096 1842 1307 1929 pubertatem

174 1956 301 2012 coercet
321 1956 354 2010 et
374 1969 439 2012 non
461 1947 582 2032 patitur
603 1968 781 2030 erumpere.
818 1944 1027 2010 Terminibus
1053 1955 1086 2009 et
1106 1967 1306 2012 araneorum
1431 1950 1434 2001 Ι

174 2045 334 2112 morsibus
355 2045 490 2124 resistit,
513 2047 639 2111 urinam
660 2047 801 2133 inpellit3
835 2057 948 2112 contra
975 2045 1132 2132 serpentis
1155 2057 1188 2110 et
1210 2070 1305 2112 scor-

174 2148 289 2235 piones
303 2148 515 2231 morbumque
529 2149 655 2235 regium
678 2170 787 2213 semen
809 2148 878 2213 eius
900 2170 972 2212 cum
994 2147 1172 2214 habrotono
1192 2147 1305 2214 datur.
1428 2140 1433 2191 l

217 2250 267 2314 98.
303 2247 448 2332 Lychuis
475 2271 603 2334 quoque
637 2249 785 2315 flammea
810 2249 865 2314 illa
892 2249 1049 2314 adversus
1077 2251 1242 2334 serpentis
1271 2262 1307 2317 et
1322 2271 1366 2318 171

175 2350 359 2436 scorpiones
392 2361 424 2414 et
456 2351 626 2415 crabrones
659 2351 838 2435 similiaque
871 2349 993 2417 bibitur
1021 2373 1038 2415 e
1068 2350 1142 2416 vino
1175 2353 1306 2419 semine

174 2451 257 2516 trito.
293 2448 460 2516 Silvestris
488 2451 600 2517 eadem
629 2452 790 2517 stomacho
819 2450 958 2527 inutilis3
992 2451 1096 2517 alvom
1119 2451 1232 2531 solvit,
1261 2455 1305 2518 ad

173 2552 403 2618 detrahendam
423 2552 522 2618 bilem
544 2552 768 2619 efficacissima
786 2551 913 2619 duabus
921 2552 1096 2631 drachmis,
1118 2554 1305 2640 scorpioni-

172 2653 233 2720 bus
263 2665 328 2719 tam
353 2655 513 2719 contraria
539 2665 575 2719 ut
602 2654 730 2719 omniuo
758 2653 827 2719 visa
850 2676 888 2719 ea
910 2665 1104 2740 torpescant.
1140 2654 1307 2725 Radicem

206 2825 291 2888 §leb
317 2825 377 2878 Hel'
434 2843 494 2887 sum,
514 2820 562 2879 ou
589 2825 767 2893 Elychryssum,
784 2829 815 2879 Β..
841 2826 1034 2894 Helyrhryssum,
1046 2830 1080 2879 V.
1105 2825 1307 2894 Reliochrysum,

172 2890 251 2960 Τβγ.
276 2936 308 2944 ..
334 2894 390 2955 alii,
434 2896 548 2946 RVTd.
576 2894 639 2959 quini
655 2894 707 2957 alii,
724 2891 775 2960 βγ.
799 2936 830 2945 ..
857 2895 1059 2961 chrysanthemon,
1076 2897 1193 2946 Dioscor.
1215 2901 1242 2957 4,
1261 2901 1307 2948 57.

172 2961 341 3026 chrysanthus,
361 2955 470 3012 OVTn.
500 2962 650 3027 chrystum,
667 2963 699 3012 R.
728 3004 759 3013 ..
788 2963 906 3027 corymbis
923 2961 958 3011 ad
972 2963 1030 3012 aclis
1046 2978 1207 3027 repercussum
1226 2961 1309 3013 aelati

171 3044 260 3078 aureae
273 3028 332 3078 lucis
343 3029 368 3076 in
380 3031 456 3078 orbem
469 3028 655 3093 dependentibus,
667 3031 700 3080 K
718 3071 749 3079 -
767 3046 864 3092 aureae,
875 3033 931 3080 vd,
950 3030 1028 3093 aulae,
1040 3032 1072 3081 R.
1086 3071 1116 3080 ..
1135 3027 1308 3094 Pwlomueus,

172 3098 207 3147 V,
226 3136 257 3146 ..
275 3095 382 3161 Aeqypti
391 3113 442 3158 rer,
454 3098 539 3147 RVd.
558 3114 601 3146 rer
612 3097 725 3162 Aepypti,
736 3092 788 3162 βγ.

207 3165 292 3228 5160.
311 3162 395 3223 euiao,
408 3165 462 3214 Vd.
486 3165 547 3226 inno,
559 3167 590 3215 R.
610 3207 640 3214 -
659 3180 752 3226 masas,
764 3167 796 3215 R.
816 3207 846 3214 ..
864 3166 986 3227 ambustis,
998 3165 1129 3230 Theophr.
1143 3165 1205 3214 nisu
1219 3167 1307 3230 plana

173 3233 220 3282 IX.
235 3236 274 3291 10,
287 3237 310 3280 3.
331 3272 361 3280 -
380 3232 518 3294 acuesicae,
530 3235 620 3284 Delec.
640 3274 670 3281 -
689 3231 768 3294 Folia,
780 3234 872 3285 BVT.
890 3232 966 3295 Folio,
982 3225 1033 3284 Od.
1052 3274 1084 3283 -
1103 3232 1168 3294 aaa,
1180 3233 1215 3283 Τ.
1237 3235 1309 3298 trito,

173 3302 197 3350 o.
211 3299 299 3350 cmm
311 3295 402 3361 avr.
421 3341 452 3350 -
471 3299 534 3361 aruo,
548 3316 598 3350 om.
613 3302 650 3349 a.
1390 3295 1397 3311 ⁸

207 3366 293 3428 §lto
315 3365 399 3418 Gallia
410 3368 518 3427 maxime,
534 3362 645 3418 ovTu.
672 3366 779 3419 Galliam
792 3368 916 3427 enneli.
943 3367 1132 3429 Gallia-eximie,
1148 3369 1259 3421 Barbar.
1274 3367 1309 3432 β.

173 3435 293 3486 Ceterum
311 3451 334 3483 v.
346 3437 464 3485 Dioscor.
482 3443 506 3495 4,
520 3442 560 3485 63.
579 3476 610 3485 -
630 3435 700 3498 suco,
717 3437 830 3488 Gronov.
846 3440 879 3487 ad
896 3443 936 3497 21,
951 3443 990 3487 11.
1018 3431 1229 3498 ἱοοο,θΒ1ῙΤᾱ.
1255 3456 1310 3502 pro

173 3518 248 3562 cocco,
264 3502 370 3567 Barbar.
382 3498 411 3563 β.
435 3504 497 3552 Alia
512 3504 604 3553 volunt
619 3503 708 3552 Dalec.
728 3511 753 3553 et
765 3504 872 3555 Salmas.
885 3518 967 3554 exerc.
983 3520 1008 3567 p.
1023 3509 1079 3555 193.
1092 3520 1115 3553 a.
1127 3503 1157 3554 G,
1176 3530 1208 3554 .·.
1230 3505 1309 3572 ayya

173 3586 236 3628 narn,
249 3570 302 3619 Td.
321 3610 352 3618 -
373 3568 466 3633 linquit,
478 3573 508 3622 R.
527 3569 626 3634 tinymt,
640 3573 744 3635 VTdr.
763 3613 795 3622 ..
813 3571 958 3637 manpmicir
970 3569 1089 3630 aenals'cis,
1101 3571 1135 3621 V.
1152 3575 1311 3637 manqcns'cis

174 3635 301 3696 venalitir's,
314 3631 391 3700 Ββγ.
418 3638 590 3702 manponisuis
607 3637 733 3700 venalitiis,
746 3640 799 3690 Τό.
826 3638 949 3704 mangonis
966 3637 1137 3700 ursuaenalici,
1154 3645 1309 3693 vetnsood.

174 3721 215 3769 ap.
228 3704 336 3755 Salmas.
363 3704 678 3768 manponiisvenalitiorum,
693 3708 726 3757 Κ.
753 3708 906 3772 manqonsbus
921 3704 1047 3768 vacuas,
1064 3707 1172 3757 Salmas.
1193 3748 1226 3757 -
1251 3711 1309 3760 un'-

174 3788 238 3834 nam,
250 3772 313 3821 RV.
332 3779 354 3819 et
365 3771 466 3832 urinam,
479 3776 503 3823 d.
522 3815 552 3824 ,.
572 3775 727 3837 morbumque,
739 3776 795 3824 Vd.
813 3777 996 3838 morborumque,
1012 3766 1070 3824 013.

208 3842 223 3904 ς
238 3844 293 3890 171.
320 3837 409 3888 Contra
425 3838 522 3905 lychnis,
539 3843 623 3891 Rvd.
647 3844 802 3893 Aduerbium
820 3850 903 3891 contra
918 3858 932 3892 e
948 3843 1118 3907 superioribus
1129 3842 1197 3892 male
1211 3854 1252 3894 est
1264 3862 1310 3897 re-

174 3908 289 3972 petitum.
310 3948 340 3957 -
364 3908 534 3972 etrcorpiones
549 3917 571 3956 et
587 3909 788 3970 achromavd.
815 3919 838 3958 et
852 3909 985 3975 scorpiones
999 3909 1210 3968 etscabroneaR
1238 3928 1311 3963 scor·

173 3974 264 4039 piones,
276 3975 409 4037 crabrones,
421 3971 471 4040 βγ,
491 4017 521 4026 „
541 3975 627 4036 esino,
644 3977 760 4027 Dioscor.
773 3984 797 4038 3,
812 3984 867 4028 lot.
891 3977 947 4040 nini,
963 3978 995 4027 R
1015 3976 1065 4038 lini,
1081 3969 1141 4026 OV.
1164 3976 1241 4028 Nihil
1254 3981 1310 4031 ho-

128 4094 136 4107 ,
175 4058 232 4092 rum
248 4043 325 4092 habet
336 4045 359 4092 d.
383 4084 414 4092 -
441 4041 610 4104 alvumsolvit,
625 4045 850 4105 Dioscor.3,105.
870 4087 900 4094 ..
923 4045 1128 4108 ffeaeissimaa,
1141 4047 1165 4094 d.
1185 4085 1219 4095 -
1245 4055 1311 4111 lam,

178 4100 318 4161 ORVTd.
336 4105 464 4174 adseris.
480 4153 509 4160 ..
529 4109 672 4171 uticemv.
691 4111 860 4172 esame.
879 4111 984 4174 υἱεῖ,Βὶ
999 4153 1027 4162 ..
1043 4111 1311 4179 Raram-vocaus,

175 4192 226 4226 om.
240 4171 268 4227 θ.
285 4218 310 4226 ..
333 4176 432 4239 Asioao,
445 4181 475 4230 R.
491 4219 520 4228 -
540 4175 632 4239 boliten,
645 4179 669 4228 d.
688 4176 781 4239 boliten,
790 4180 823 4229 V.
843 4178 932 4241 boliter,
945 4181 976 4230 R.
991 4221 1020 4229 -
1040 4178 1187 4244 udollr'yma
1199 4182 1310 4236 ern.

175 4241 285 4308 allipatm
298 4246 323 4294 V
332 4241 398 4309 Ίβγ.
419 4287 447 4294 -
469 4245 542 4306 oculo,
554 4246 635 4296 omitt.
648 4246 701 4295 To.
1089 4271 1092 4276 ·
