2896 4792
324 275 395 322 nra.
411 273 486 321 xxr.
517 268 596 319 cur.
612 269 835 318 xxv-xxm.
864 267 962 316 sacr.
976 269 1072 313 atr-roa.
1195 251 1258 316 413

136 428 205 492 eius
226 425 342 493 Asiani
363 424 481 490 boliten
506 432 635 501 vocant,
667 443 732 506 qua
763 418 935 506 adalligata
967 419 1059 485 oculo
1090 417 1259 505 albugines

138 529 207 594 tolli
229 528 389 592 dicuntur.
1382 566 1392 575 .

179 627 332 694 XXVII.
367 627 418 690 99.
451 624 495 688 Et
522 622 769 708 vincapervinca
795 621 862 688 sive
889 619 1149 704 chamaedaphne
1170 619 1261 685 arida
1276 623 1323 685 rr‘r

139 744 234 797 tunsa
256 725 441 813 hydropicis
463 724 560 789 datur
581 726 615 789 in
637 747 721 808 aqua
743 723 879 788 cocleari
897 744 1057 800 mensura,
1080 720 1260 788 celerrime·

136 855 200 916 que
221 829 362 895 reddunt
383 848 510 909 aquam.
537 824 663 889 Eadem
691 825 826 889 decocta
852 823 884 887 in
911 823 1018 889 cinere
1047 845 1159 908 sparsa
1185 823 1262 888 vino
1375 857 1379 861 ·

138 949 278 998 tumores
301 930 400 995 siccat
407 953 416 1005 ς
447 925 580 991 auribus
604 948 681 991 suco
702 925 865 999 medetur3
893 923 1009 989 alvinis
1030 923 1167 1009 inposita
1188 924 1261 1009 plu·

137 1056 265 1099 rumum
285 1032 440 1118 prodesse
462 1029 588 1094 dicitur.
1182 1054 1185 1059 >

181 1137 252 1201 100.
275 1132 376 1197 Rusci
398 1129 491 1195 radin
513 1130 646 1195 decocta
667 1127 788 1192 bibitur
808 1126 941 1213 alternis
963 1127 1077 1192 diebus
1099 1127 1133 1191 in
1155 1126 1261 1192 calcu·
1277 1145 1325 1204 rra

138 1236 239 1301 lorum
266 1232 449 1299 valetudine
476 1242 508 1297 et
531 1229 723 1297 tortuosiore
744 1229 838 1293 urina
858 1228 910 1293 vel
932 1239 1074 1293 cruenta.
1108 1227 1263 1293 Radicem

139 1336 244 1421 pridie
266 1334 336 1398 erui
357 1342 494 1419 oportet,
516 1341 645 1417 postero
666 1353 761 1395 mane
783 1330 936 1413 decoqui,
964 1352 1005 1393 ex
1026 1352 1065 1394 eo
1088 1330 1264 1394 sextarium

140 1436 206 1500 vini
235 1434 361 1519 cyathis
389 1432 516 1498 duobus
542 1432 678 1497 misceri.
717 1429 802 1496 Sunt
829 1431 885 1513 qui
912 1441 945 1495 et
966 1430 1099 1495 crudam
1121 1429 1263 1496 radicem

142 1534 248 1599 tritam
270 1529 310 1599 e'x
332 1556 416 1618 aqua
436 1534 565 1612 bibant,
587 1544 620 1599 et
639 1534 673 1597 in
686 1544 798 1607 totum
818 1532 860 1596 ad
882 1530 986 1596 virilia
1008 1532 1173 1598 cauliculis
1194 1532 1264 1597 eius

141 1658 182 1700 ex
203 1646 293 1700 aceto
316 1635 400 1700 tritis
421 1634 500 1700 nihil
521 1634 634 1699 utilius
655 1644 781 1720 putant:
1149 1632 1166 1655 “’

184 1737 256 1800 101.
280 1733 374 1799 Batis
394 1737 522 1820 ¹quoque
544 1736 650 1801 alvom
671 1734 782 1811 mollit,
805 1733 950 1799 inlinitur
967 1734 1150 1820 podagricis
1165 1733 1265 1801 curda
1279 1750 1327 1797 171

141 1847 173 1901 et
195 1843 360 1900 contunsa.
393 1835 522 1901 Acinon
549 1846 581 1902 et
604 1858 792 1901 coronarum
815 1858 912 1901 causa
933 1846 964 1900 et
987 1834 1130 1900 ciborum
1151 1834 1264 1920 Aegy·

140 1936 200 2021 ptii
216 1947 337 2014 serunt,
361 1936 538 2020 eademque
552 1947 621 2002 erat
635 1958 718 2021 quae
740 1936 888 2014 ocimum,
911 1937 974 2001 nisi
995 1936 1148 2001 hirsutior
1168 1936 1265 2001 ramis

141 2058 178 2101 ac
200 2036 285 2102 foliis
308 2048 393 2104 esset
415 2049 448 2103 et
468 2037 641 2102 admodum
655 2037 806 2115 odorata3
829 2036 892 2103 ciet
911 2047 943 2102 et
957 2058 1084 2102 menses
1099 2046 1130 2101 et
1143 2036 1263 2102 urinas.

179 2138 352 2206 XXVIII.
391 2140 462 2204 102.
501 2137 670 2205 Colocasia
698 2136 858 2205 Glaucias
883 2138 970 2205 acria
1005 2137 1147 2225 corporis
1173 2137 1266 2203 leniri

142 2240 270 2324 putavit
290 2249 323 2304 et
344 2239 542 2304 stomachum
565 2239 679 2304 iuvari.

184 2336 323 2401 XXIX.
354 2340 425 2403 103.
458 2338 592 2403 Anthali
614 2339 700 2421 quod
722 2340 879 2426 Aegyptii
901 2340 1002 2405 edunt
1022 2340 1145 2405 nullum
1168 2339 1265 2404 alium
1280 2354 1327 2402 175

142 2441 248 2526 reperi
269 2462 379 2516 usum3
414 2438 470 2503 sed
491 2450 541 2503 est
562 2437 662 2505 herba
683 2437 872 2522 anthyllium
892 2461 990 2524 quam
1011 2439 1066 2505 alii
1087 2440 1265 2523 anthyllum

142 2551 274 2618 vocant,
292 2540 438 2604 duorum
466 2561 638 2627 generum,
666 2538 749 2604 foliis
776 2549 809 2604 et
835 2540 932 2605 ramis
953 2541 1118 2605 lenticulae
1141 2540 1265 2620 similis,

142 2642 241 2727 palmi
261 2640 440 2719 altitudine,
464 2640 622 2706 sabulosis
636 2639 755 2727 apricis
769 2663 917 2720 nascens,
941 2642 1088 2708 subsalsa
1104 2642 1246 2730 gustanti
1255 2667 1264 2723 3

142 2743 245 2809 altera
277 2741 491 2828 chamaepityi
525 2741 660 2819 similis,
697 2740 826 2807 brevior
847 2753 881 2809 et
901 2743 1075 2823 hirsutior,
1112 2745 1266 2830 purpurei

143 2841 246 2921 floris,
269 2843 367 2909 odore
388 2842 515 2930 gravis,
544 2843 578 2908 in
599 2843 724 2908 saxosis
744 2865 890 2910 nascens.
926 2843 1020 2911 Prior
1040 2844 1142 2910 volvis
1164 2845 1265 2930 aptis·

176 3036 191 3098 5
206 3038 261 3086 172.
284 3033 440 3097 vicapervica,
452 3035 537 3085 RVd.
556 3075 586 3085 ..
612 3033 720 3096 cocleari,
732 3035 788 3085 1111
805 3032 843 3095 (in
855 3036 905 3086 hoc
916 3051 968 3086 una
978 3035 1005 3085 in
1016 3037 1067 3086 fine
1078 3049 1151 3087 erasa
1161 3033 1265 3098 littera).

143 3099 280 3163 cochlearis,
294 3097 367 3165 θᾱγ.
386 3141 418 3151 ..
442 3100 538 3161 alciati,
549 3101 633 3151 RVd.
661 3101 685 3150 in
701 3101 778 3164 aluta,
795 3104 910 3154 Murbac.
927 3119 968 3168 ap.
982 3102 1087 3154 Cercar.
1104 3105 1136 3154 ad
1147 3103 1266 3154 Diosccr.

144 3174 169 3227 8,
184 3175 240 3218 1114.
257 3209 289 3218 ..
305 3166 442 3231 plurimum,
454 3169 546 3218 RVT.
564 3167 670 3230 multum,
683 3165 756 3235 ᾱβγ.

177 3251 263 3313 §¹⁷³-
289 3249 405 3308 naama,
422 3250 454 3300 R.
480 3251 514 3300 V.
529 3251 648 3302 Diosccr.
665 3259 760 3311 4,144.
783 3294 814 3303 ..
840 3253 999 3315 cuuculorum,
1015 3255 1049 3304 V.
1068 3292 1100 3302 ..
1128 3252 1266 3314 valitudine,

144 3317 219 3365 V²d.
239 3357 270 3366 ..
298 3317 432 3378 tersorium,
444 3317 478 3367 V.
497 3357 528 3366 ..
553 3319 723 3380 posterove.
746 3319 873 3383 posterior,
889 3322 921 3371 R.
944 3327 1071 3384 postremo,
1082 3315 1111 3381 β.
1131 3360 1163 3369 ..
1186 3336 1216 3368 sa
1230 3336 1265 3381 eo,

144 3384 258 3434 RVTd.
276 3391 300 3432 et
310 3400 347 3445 aa,
363 3377 392 3434 θ.
410 3399 440 3432 ea
451 3399 487 3445 ea,
498 3379 528 3445 β.
552 3392 575 3433 et
586 3383 681 3446 danea,
692 3387 725 3436 K.
744 3427 775 3436 -
794 3387 929 3447 sestarium,
945 3381 1004 3438 θΚ.
1025 3386 1139 3448 scatade,
1151 3388 1264 3438 RVTd.

146 3507 177 3516 ..
196 3467 318 3529 ultuaR.
339 3509 363 3517 -
386 3465 587 3529 adoirilio,Vd.
605 3467 771 3531 scuritula
789 3468 1158 3532 aduriaumdffeilemss...
1177 3471 1266 3520 amsa

144 3542 218 3596 aceto,
233 3529 344 3586 611Τά.
361 3535 415 3585 uino
426 3551 456 3584 aa
467 3543 541 3598 aceto,
552 3537 585 3585 11.
603 3535 653 3585 eius
664 3536 689 3585 ia
700 3536 754 3586 vino
766 3545 789 3601 et
800 3545 872 3598 aceto,
884 3532 913 3598 β.

178 3620 192 3682 5
208 3618 263 3669 174.
286 3617 369 3682 Botis,
380 3621 486 3671 Barbar.
498 3621 532 3670 V.
555 3619 651 3683 Beata,
662 3622 695 3672 11.
718 3620 814 3682 Bactr'r,
825 3624 849 3672 d.
869 3662 900 3671 ..
924 3619 1008 3684 cuda,
1023 3615 1135 3674 OV'I'd.
1159 3630 1221 3684 tura,
1233 3623 1265 3674 B.

146 3692 215 3746 tosto,
226 3681 256 3747 β.
276 3727 308 3736 ..
325 3686 419 3767 Asinos
430 3695 460 3750 et,
472 3688 527 3738 Vd.
545 3685 624 3768 Aciap
635 3703 685 3750 nec,
697 3690 729 3740 11.
747 3690 781 3739 V.
793 3689 910 3740 Dioscor.
924 3695 948 3751 3,
961 3696 1002 3740 4³.
1016 3731 1047 3739 ..
1066 3689 1183 3771 adamae,
1195 3693 1219 3741 d.
1233 3731 1264 3740 -

145 3751 251 3870 pdolrpga
263 3756 295 3805 11
313 3795 344 3805 ..
363 3763 448 3818 astet,
464 3748 576 3806 OVTd.
593 3763 645 3818 oret,
657 3752 738 3821 Ββγ.
757 3797 788 3806 -
806 3772 887 3819 mesas,
899 3758 931 3808 R.
949 3798 981 3808 ..
1003 3755 1135 3819 anema,
1147 3759 1265 3808 Dioscor.

162 3856 193 3950 ’s
208 3890 264 3937 1⁷⁵.
290 3877 446 3949 rnaurv.
471 3887 591 3951 ruatis,
606 3885 708 3954 assy.
726 3931 757 3940 -
785 3888 904 3953 aaran
928 3933 960 3942 -
983 3891 1210 3956 arremaro.
1232 3933 1264 3942 -

145 3952 188 4002 sed
198 3962 239 4014 est,
255 3948 364 4005 OVTd.
391 3963 414 4003 et
427 3963 468 4017 eut,
484 3957 516 4006 11.
543 3965 578 4006 est
587 3965 617 4018 el,
628 3954 658 4020 β
682 3959 715 4008 V.
727 3958 846 4008 Dioscor.
858 3966 882 4020 3,
897 3966 952 4010 14³.
972 4001 1003 4009 ..
1022 3956 1160 4023 anthyllium
1181 3960 1265 4010 Rva

145 4019 274 4085 antaplon,
292 4024 365 4072 coss.
378 4022 490 4074 aaran.
516 4023 654 4090 ancyran,
665 4020 716 4090 pr.
734 4066 766 4075 ..
785 4042 859 4089 quan,
871 4027 933 4077 av,
952 4066 984 4077 ..
1002 4025 1139 4090 anthyllum,
1152 3995 1203 4076 dr.
1221 4032 1266 4076 aa.

146 4087 243 4149 millum,
256 4090 289 4139 V.
317 4087 435 4151 catillum,
447 4092 478 4142 T.
504 4089 562 4139 call
579 4090 652 4153 Ilium,
663 4094 695 4143 11.
722 4091 852 4158 anthyllis,
860 4094 933 4144 codd.
944 4095 1058 4145 Barbari.
1080 4088 1264 4158 aadoellshass.

148 4197 176 4204 -
196 4154 274 4204 altera
277 4154 359 4219 soliis,
369 4158 458 4208 Dulce.
478 4199 508 4208 ..
591 4157 608 4218 i,
619 4160 725 4211 Barbur.
737 4161 771 4210 V.
784 4159 875 4224 palme,
886 4161 967 4213 Rus.
986 4158 1090 4224 palmae,
1106 4154 1135 4213 θ.
1155 4202 1185 4210 ..
1208 4159 1265 4212 alri-

146 4222 398 4287 aunaaauau.
418 4266 448 4276 -
469 4223 636 4291 ,annau
