2896 4792
391 254 461 304 arn.
477 250 567 305 xxn.
596 253 674 302 cur.
689 250 778 301 xxrr.
809 251 905 302 sacr.
921 239 1003 297 ‘rr-e.
1165 318 1169 326 Ι
1196 235 1259 300 445

141 409 282 476 tissimus
304 428 364 494 pro
394 405 511 471 cummi
533 403 749 470 efficacissime
770 403 863 492 regit.
891 401 1074 470 Dorotheus
1098 401 1260 468 stomacho

139 523 173 576 et
201 507 461 576 concoctionibus
488 506 599 572 utilem
625 503 819 572 carminibus
841 505 907 571 suis
932 504 1167 590 pronuntiarim
1201 503 1259 568 ali·

138 612 194 696 qui
231 610 358 675 feminis
395 620 427 674 et
464 607 565 674 oculis
597 605 859 692 generationique
891 606 1033 671 virorum
1069 605 1261 670 contrariam

138 725 303 799 putavere.

179 814 231 877 46.
253 811 344 876 Inter
359 833 398 875 ea
412 831 495 894 quae
511 819 630 875 temere
651 807 848 873 manduntur
868 818 900 871 et
921 805 1045 872 boletos
1066 806 1179 872 merito
1201 827 1260 892 po-
1274 821 1308 868 aa

138 914 269 991 suerim,
292 912 391 997 opimi
406 910 537 995 quidem
558 910 617 976 hos
639 909 702 975 cibi
725 909 784 975 sed
805 908 951 973 inmenso
974 906 1121 993 exemplo
1143 907 1260 986 incri-

138 1037 212 1079 men
242 1014 416 1090 adductos,
450 1034 573 1077 veneno
602 1010 735 1075 Tiberio
764 1007 903 1075 Claudio
929 1008 1068 1094 principi
1094 1007 1262 1094 perhanc

140 1113 341 1180 occasionem
368 1136 388 1191 a
414 1111 553 1198 coniuge
573 1110 759 1199 Agrippina
788 1109 875 1186 dato,
902 1129 967 1192 quo
988 1109 1072 1173 facto
1093 1108 1148 1172 illa
1169 1110 1262 1174 terris

140 1238 299 1281 venenum
327 1216 463 1280 alterum
490 1211 617 1296 sibique
644 1220 718 1276 ante
739 1209 842 1276 omnis
863 1207 1024 1274 Neronem
1047 1231 1140 1275 suum
1162 1210 1261 1277 dedit.

143 1315 354 1398 Quorundam
391 1337 432 1379 ex
457 1315 498 1379 iis
525 1312 620 1378 facile
649 1321 827 1378 noscuntur
853 1332 978 1377 venena
1006 1310 1107 1377 diluto
1134 1311 1262 1391 rubore,

140 1417 270 1483 rancido
299 1417 464 1502 adspectu,
495 1414 595 1481 livido
621 1413 709 1479 intus
735 1412 851 1490 colore,
884 1411 1003 1477 rimosa
1024 1411 1114 1491 stria,
1142 1413 1262 1499 pallido

140 1541 201 1604 per
227 1510 385 1583 ambitum
405 1516 505 1582 labro.
537 1514 612 1582 Non
635 1524 711 1580 sunt
731 1513 812 1578 haec
832 1512 867 1577 in
889 1511 1092 1596 quibusdam,
1123 1514 1262 1600 siccique
1276 1527 1308 1573 aa
1356 1560 1363 1569 ,

142 1628 174 1684 et
194 1617 280 1683 veris
310 1617 430 1682 similes
452 1616 549 1685 veluti
571 1626 680 1704 guttas
701 1615 736 1680 in
757 1612 878 1679 vertice
900 1613 989 1679 albas
1012 1637 1053 1679 ex
1074 1615 1183 1682 tunica
1204 1639 1263 1682 sua

140 1729 260 1807 gerunt
265 1743 274 1793 ;
296 1719 423 1783 volvam
437 1717 522 1782 enim
537 1728 622 1782 terra
641 1717 683 1783 ob
697 1716 759 1781 hoc
772 1715 862 1801 prius
882 1713 1000 1800 gignit,
1022 1714 1130 1801 ipsum
1149 1728 1263 1802 postea

140 1821 174 1884 in
203 1819 310 1896 volva,
339 1839 399 1883 ceu
425 1817 459 1881 in
480 1837 541 1883 ovo
564 1828 613 1883 est
632 1819 764 1883 luteum.
797 1815 867 1882 Nec
889 1816 1015 1882 tunicae
1036 1817 1140 1882 minor
1159 1818 1264 1904 gratia

140 1920 174 1985 in
201 1920 272 1986 cibo
293 1919 428 1985 infantis
450 1917 546 1985 boleti
553 1944 563 1997 3
591 1918 753 2004 rumpitur
774 1917 853 1983 haec
873 1917 979 2004 primo
1001 1929 1165 1998 nascente,
1187 1942 1262 1985 mox

140 2022 340 2088 increscente
360 2021 394 2086 in
416 2020 557 2106 pediculi
579 2042 698 2107 corpus
719 2019 909 2098 absumitur,
936 2041 1009 2086 raro
1030 2041 1182 2104 umquam
1203 2043 1262 2108 ge·

140 2121 235 2188 minis
263 2146 304 2188 ex
330 2145 395 2189 uno
423 2121 516 2209 pede.
552 2119 657 2208 Origo
683 2120 788 2208 prima
813 2142 976 2205 causaque
999 2121 1113 2188 elimo
1134 2132 1309 2188 atace-at
1399 2134 1414 2158 ¹·

143 2235 251 2288 scente
267 2246 345 2289 succ
360 2224 518 2289 madentis
540 2234 644 2289 terrae
666 2233 722 2288 aut
742 2222 859 2287 radicis
880 2222 948 2288 iere
970 2222 1178 2309 glandiferae,
1200 2221 1262 2288 ini·

133 2323 252 2406 -tioque
279 2344 394 2407 spuma
419 2323 545 2401 lentior,
575 2323 651 2389 dein
679 2344 796 2407 corpus
818 2321 1023 2389 membranae
1045 2324 1158 2400 simile,
1187 2345 1264 2389 mox

142 2433 267 2509 partus,
288 2432 326 2488 'ut
346 2423 505 2502 diximus3
533 2423 589 2489 illa
609 2421 807 2509 pernicialia,
834 2444 968 2507 prorsus
988 2422 1206 2510 inprobanda3
1235 2423 1263 2489 si

144 2523 297 2613 caligaris
322 2524 430 2590 clavos
455 2523 572 2590 ferrive
600 2523 708 2607 aliqua
727 2521 842 2609 robigo
863 2533 920 2587 aut
939 2523 1039 2610 panni
1059 2545 1184 2589 marcor
1204 2523 1262 2591 ad-

142 2624 239 2691 fuerit
260 2625 415 2704 nascenti,
442 2646 570 2691 omnem
596 2624 681 2691 illico
703 2644 818 2690 sucum
839 2623 977 2691 alienum
999 2645 1209 2710 saporemque
1229 2625 1264 2690 in

143 2761 219 2825 mas.)
245 2762 298 2813 ocri
306 2762 459 2824 similavi
485 2762 545 2813 nitri
554 2757 714 2827 simileqssr.
733 2802 764 2812 ..
782 2760 957 2824 veucfflvu
984 2761 1056 2812 celati
1064 2770 1169 2824 maetas,
1180 2764 1212 2814 Τ.
1231 2803 1262 2813 .-

141 2838 223 2895 quitor
238 2830 322 2880 cotim
337 2829 407 2880 aibas
423 2831 448 2880 in
465 2831 552 2893 turmo,
564 2833 596 2882 K
617 2870 647 2879 -
666 2827 769 2890 vulvera,
784 2822 844 2880 BV.
863 2870 894 2880 ..
915 2829 991 2894 priua,
1008 2845 1059 2880 cm.
1074 2832 1107 2882 R.
1126 2870 1157 2879 -
1184 2829 1263 2893 vulva,

142 2899 177 2949 V.
195 2939 227 2948 -
246 2914 299 2959 cca,
312 2898 367 2950 Vd.
389 2899 471 2962 ce,R.
490 2940 521 2949 -
543 2898 630 2960 miror,
642 2897 676 2948 V.
696 2938 728 2947 ..
747 2895 864 2961 irffantea,
880 2899 912 2948 1³.
931 2938 962 2948 ..
986 2896 1137 2958 inamoenis,
1153 2889 1262 2950 OVTd.

142 2974 264 3026 macerie,
276 2967 309 3017 K
327 2967 416 3018 Omitt.
428 2961 485 3028 Ββ.
504 3008 536 3018 ..
554 2965 579 3014 ia
589 2960 701 3028 pediculi,
713 2964 797 3016 VTd.
820 2964 846 3013 in
854 2962 973 3028 peduculi,
986 2966 1016 3015 R.
1039 2964 1064 3014 in
1073 2964 1191 3029 pediculo,
1203 2961 1262 3028 Κβ.

139 3032 256 3097 pcdr'cclc,
271 3026 300 3084 θ.
321 3074 351 3084 ..
369 3050 427 3084 raro
438 3050 556 3098 amquam,
568 3034 601 3084 K
621 3049 703 3082 rorum
714 3047 833 3095 umquam,
845 3030 975 3098 avctp.
998 3049 1079 3082 rorum
1091 3049 1219 3097 nunquam,
1230 3034 1262 3086 Τ.
1278 3061 1282 3068 ·

141 3117 255 3162 rorumc,
268 3115 298 3166 φ.
324 3117 407 3151 rorum
419 3099 495 3163 erud.
523 3095 785 3166 raroqueuaquom,ss
809 3136 815 3150 .
841 3116 981 3165 rarumque,
994 3100 1107 3153 Gronov.
1134 3102 1175 3152 De
1190 3103 1262 3153 locu·

142 3169 212 3218 tione
227 3184 284 3217 roro
300 3184 410 3230 amquam
425 3184 450 3218 v.
468 3168 599 3232 Spalding.
616 3170 649 3218 ad
664 3167 769 3230 Quintil.
787 3114 835 3219 iV.
850 3174 873 3229 1,
886 3174 910 3218 4.
928 3209 960 3218 -
987 3169 1087 3233 qeminis
1103 3185 1139 3231 cr,
1155 3170 1261 3234 RVdp.

141 3235 247 3298 pominus
257 3234 356 3298 punicis
367 3251 404 3296 er,
417 3231 441 3283 d.
458 3234 546 3298 pemini
557 3250 594 3294 co,
606 3236 638 3286 Κ.
654 3235 767 3299 geminus,
780 3234 895 3287 Gronov.

177 3305 244 3366 §94.
267 3309 417 3360 moccense,
429 3302 462 3351 K.
481 3341 514 3352 -
536 3299 637 3362 radices,
648 3303 683 3352 V.
702 3342 734 3352 ..
754 3300 918 3366 grandiferae,
929 3302 960 3351 R.
982 3301 1092 3366 pando,
1103 3305 1159 3354 vd.
1178 3345 1209 3354 -
1227 3304 1262 3354 ai·

143 3367 219 3417 mitem
231 3385 267 3429 ex,
277 3370 310 3419 V.
323 3409 355 3418 ..
371 3376 458 3432 portur
468 3376 494 3416 ct
506 3367 615 3429 diritius,
624 3384 643 3418 r.
658 3376 751 3432 portur.
769 3368 802 3419 Ut
811 3365 1064 3434 dirimurAEVdssr.
1081 3371 1120 3421 At
1129 3372 1174 3422 illa
1185 3373 1262 3423 verba
1294 3398 1300 3411 =

142 3436 286 3486 referuntur
299 3438 332 3486 ad
344 3437 483 3487 novissima
493 3436 571 3486 verba
581 3436 733 3501 paragraphi
744 3437 884 3500 proximae.
911 3435 978 3494 Quae
990 3434 1145 3497 dirivataK
1164 3479 1195 3488 -
1217 3437 1262 3488 illo

140 3502 292 3566 pernicialia,
309 3504 358 3554 Rr.
382 3502 519 3568 panicilio,
536 3503 568 3553 Κ.
595 3501 639 3552 itta
651 3503 761 3567 permitti
775 3500 926 3568 altqvtp.
953 3501 997 3552 illo
1010 3504 1261 3568 permittitolio,'l'd.

143 3568 187 3619 ilio
198 3570 315 3634 pemixti
329 3569 390 3632 olio,
408 3586 437 3636 φ.
464 3570 509 3621 ilia
521 3570 637 3634 permitti
649 3569 720 3632 olias,
737 3567 761 3620 d.
784 3611 816 3620 -
840 3587 941 3634 prorata
956 3569 1126 3636 improbandc3
1147 3589 1194 3638 pro
1212 3576 1262 3625 hac

143 3638 288 3689 foedissima
302 3640 496 3703 interpolatione
513 3640 611 3690 codices
626 3640 704 3701 longe
719 3638 770 3689 alia
785 3640 914 3690 exhibent.
937 3638 1060 3702 modendi
1068 3637 1129 3703 alia,
1141 3644 1173 3693 R.
1199 3641 1263 3705 quod

139 3705 262 3769 modendi
275 3703 335 3768 alio,
352 3705 409 3757 vt.
439 3705 503 3771 quoti
515 3704 638 3770 probandi
652 3705 705 3754 olio
721 3704 792 3768 alica,
809 3707 864 3758 Tc.
893 3704 937 3756 illo
951 3723 1051 3770 proram
1066 3707 1211 3773 obleqoado,
1227 3711 1259 3760 K
1306 3752 1313 3763 ,

143 3772 215 3822 Nihil
227 3775 320 3823 horum
337 3774 433 3824 habent
444 3771 533 3840 τδρφ.
556 3772 607 3823 Ilio
615 3771 761 3838 pemicioltb
772 3789 833 3837 quac
841 3772 964 3837 probandi
972 3773 1027 3823 alec
1036 3780 1054 3837 t,
1067 3775 1192 3840 Gronov.;
1208 3778 1261 3829 alia

142 3849 273 3891 tentarunt
283 3841 352 3890 Pint.
362 3850 387 3891 et
396 3841 504 3892 Salmas.
517 3844 548 3892 de
559 3843 621 3906 hyle
630 3857 654 3906 p.
665 3848 722 3893 204.
732 3841 756 3892 b.
767 3841 795 3893 O.
814 3842 851 3892 At
862 3857 957 3906 magna
966 3857 1024 3908 pars
1036 3844 1112 3894 huius
1123 3852 1148 3894 et
1159 3845 1260 3895 initium

142 3909 270 3970 sequentis
285 3909 438 3972 paragraphi
454 3910 517 3959 mire
533 3918 571 3960 eat
587 3919 746 3972 corruptum,
765 3918 791 3960 et
807 3911 862 3960 sine
877 3912 1012 3961 meliorum
1030 3912 1145 3961 codicum
1163 3913 1259 3962 auxilio

142 3975 185 4024 vix
201 3974 297 4039 aliquid
312 3976 399 4038 profici
410 3991 486 4040 posse
497 3985 568 4040 puto.
588 4017 619 4026 ..
645 3975 802 4042 sicoliqcria,
814 3994 834 4027 r.
859 3977 1047 4043 accurrate
1073 3977 1154 4028 circli
1168 3979 1260 4040 miv.

141 4040 297 4107 ricoiliyari,
310 4043 363 4092 Td.
386 4042 607 4108 aiccaliyarifflp.
631 4043 706 4093 accos
717 4043 804 4109 rigori,
817 4043 840 4095 d.
866 4045 958 4094 accim
971 4044 1093 4108 reliquiae,
1106 4048 1130 4097 K
1161 4061 1186 4110 r.
1211 4047 1260 4098 Oc·

142 4120 224 4158 torum
242 4111 431 4171 v.Dioscor.4,
446 4110 485 4161 88.
506 4151 537 4160 -
564 4111 650 4170 elavos,
667 4110 799 4178 RVdpp.
825 4111 906 4172 ebriis,
924 4113 977 4163 Tc.
1004 4113 1093 4174 clame,
1109 4109 1207 4179 Krssr.
1227 4155 1258 4166 .-

140 4175 237 4236 ferrive,
255 4179 327 4226 codd.
341 4177 397 4229 Gcl.
415 4178 485 4241 ferri
495 4177 539 4239 vel,
556 4180 667 4229 RVTd.
691 4221 720 4229 -
748 4180 829 4245 afficit,
845 4181 876 4230 T.
895 4221 924 4230 ..
953 4195 1040 4229 omnem
1057 4179 1128 4245 illico,
1144 4182 1259 4235 RVKd.

141 4243 237 4293 Etenim
255 4242 312 4306 iilic,
329 4261 349 4296 r.
372 4287 403 4296 -
430 4261 524 4296 raecum
541 4245 566 4296 ia
583 4244 684 4296 οὶὼπωπ
700 4261 807 4311 morem
823 4253 894 4310 atque
909 4262 1020 4298 mamm
1035 4249 1163 4314 unoquo,
1174 4250 1210 4302 Κ.
