2896 4792
469 282 1023 334 rm.x1x.crr.v1.sncr.asa
1240 263 1301 329 263

182 441 344 528 praeteriti
371 438 524 522 temporis
550 436 763 523 pensitatione
770 461 779 512 3
813 433 1030 500 festinandum
1056 443 1165 500 autem
1192 432 1226 500 in
1251 432 1303 499 his

183 555 248 622 est,
278 541 428 626 quoniam
455 549 599 604 maturae
626 537 771 602 celeriter
797 544 996 622 putrescunt.
1032 531 1069 600 Si
1091 533 1303 619 deponantur,
1318 549 1365 595 rot

182 645 305 709 caulem
326 642 456 706 mittunt
478 651 511 705 et
533 660 641 704 semen
663 638 815 723 ipsaeque
838 645 1043 702 evanescunt.
1079 634 1141 700 Est
1162 645 1195 702 et
1216 635 1302 701 colo-

183 766 256 809 rum
278 742 471 818 differentia3
493 741 528 804 in
549 739 621 804 Isso
643 739 730 804 enim
751 749 783 803 ct
800 736 959 804 Sardibus
972 736 1217 803 candidissimae
1227 758 1303 823 pro·

185 843 328 910 veniunt.
353 841 438 909 Sunt
458 843 492 906 in
514 841 633 906 honore
655 849 688 906 et
711 837 870 918 Creticae,
893 839 933 904 de
955 838 1073 922 quibus
1095 837 1243 904 dubitant
1262 860 1305 903 an

183 945 314 1010 eaedem
337 945 400 1009 sint
420 965 502 1028 quae
524 941 734 1019 Ascaloniae,
759 941 910 1025 quoniam
940 940 1019 1006 satis
1047 939 1153 1025 capita
1179 960 1303 1005 crasse·

182 1055 288 1122 scunt,
310 1044 467 1131 depositis
490 1043 589 1109 caulis
604 1053 637 1107 et
652 1065 779 1120 semen3
802 1042 925 1107 distant
940 1063 1054 1127 sapore
1069 1051 1194 1105 tantum
1208 1039 1304 1107 dulci.

182 1147 283 1232 Apud
314 1169 374 1212 nos
406 1147 471 1212 duc
499 1146 603 1231 prima
624 1166 763 1230 genera:
797 1166 898 1209 unum
919 1141 1188 1210 condimentariae
1209 1163 1306 1225 quam
1320 1157 1367 1203 los

181 1247 227 1312 illi
248 1248 402 1333 gethyon,
424 1247 525 1313 nostri
539 1246 737 1332 pallacanam
751 1255 883 1324 vocant,
907 1244 1024 1310 seritur
1034 1243 1199 1331 mensibus
1212 1241 1304 1309 Mar·

183 1349 244 1429 tio,
273 1350 398 1436 Aprili,
426 1349 533 1427 Mai03
570 1349 707 1414 alterum
733 1348 893 1433 capitatae
920 1369 1004 1430 quae
1035 1344 1076 1412 ab
1103 1345 1305 1430 aequinoctio

182 1451 327 1515 autumni
349 1450 401 1516 vel
422 1473 442 1515 a
463 1449 602 1514 favonio.
627 1445 757 1513 Genera
778 1448 848 1514 eius
870 1447 1068 1514 austeritatis
1085 1447 1198 1513 ordine
1212 1446 1304 1512 Afri-

183 1573 278 1628 cana,
302 1548 445 1630 Gallica,
473 1548 674 1628 Tusculana,
701 1549 891 1627 Ascalonia,
918 1548 1137 1626 Amiternina3
1174 1560 1368 1634 optumates

182 1664 291 1718 autem
319 1675 401 1737 quae
429 1651 674 1728 rotundissima3
706 1650 784 1716 item
811 1651 885 1715 rufa
913 1650 1018 1716 acrior
1039 1672 1136 1733 quam
1157 1648 1304 1728 candida,

182 1753 269 1818 sicca
289 1775 386 1836 quam
406 1753 535 1830 viridis,
563 1762 596 1818 et
618 1751 718 1817 cruda
739 1773 836 1834 quam
857 1761 968 1829 cocta,
997 1751 1082 1816 sicca
1106 1773 1205 1835 quam
1226 1772 1305 1817 con-

181 1851 258 1917 dita.
294 1849 419 1917 Seritur
440 1853 645 1918 Amiternina
673 1852 802 1938 frigidis
823 1861 856 1917 et
877 1852 995 1917 umidis
1016 1851 1096 1918 locis
1117 1862 1150 1916 et
1172 1852 1241 1918 sola
1261 1851 1304 1918 ali

181 1953 275 2018 modo
296 1954 412 2040 capite,
432 1954 573 2038 reliquae
594 1954 725 2019 semine.
748 1953 912 2018 Proxuma
934 1976 1017 2037 quae
1038 1963 1159 2018 aestate
1180 1953 1305 2020 nullum

181 2077 289 2120 semen
311 2056 476 2134 emittunt,
505 2055 564 2120 sed
585 2064 684 2140 caput
705 2064 832 2119 tantum
852 2053 940 2139 quod
960 2055 1111 2121 inarescit
1117 2079 1126 2130 3
1157 2055 1304 2140 sequenti

177 2165 288 2221 autem
309 2178 393 2223 anno
414 2166 594 2242 permutata
616 2155 740 2221 ratione
763 2178 871 2221 semen
894 2156 1054 2245 gignitur,
1078 2166 1175 2242 caput
1195 2156 1304 2242 ipsum

178 2257 409 2343 conrumpitur.
444 2257 536 2344 Ergo
562 2256 714 2322 omnibus
736 2257 829 2321 annis
862 2259 1035 2343 separatim
1067 2280 1177 2324 semen
1204 2279 1304 2344 cepae

178 2378 278 2422 causa
311 2357 446 2435 seritur,
481 2357 655 2442 separatim
687 2379 785 2443 cepae
818 2359 950 2424 seminis
957 2383 967 2435 ;
1000 2369 1169 2424 servantur
1195 2368 1304 2425 autem

178 2466 311 2541 optume
332 2457 367 2520 in
388 2458 502 2542 paleis.
539 2454 705 2542 Gethyum
726 2479 831 2543 paene
853 2458 922 2524 sine
944 2458 1050 2544 capite
1072 2471 1139 2536 est,
1167 2460 1302 2527 cervicis
1318 2467 1365 2517 10⁷
1440 2536 1443 2541 ,

179 2566 302 2621 tantum
323 2559 437 2644 longae
459 2568 493 2624 et
513 2557 586 2622 ideo
609 2568 711 2622 totum
731 2557 766 2622 in
783 2558 909 2637 fronde,
931 2559 1121 2645 saepiusque
1138 2571 1316 2626 resecatur-

178 2668 215 2722 ut
236 2679 384 2743 porrum3
407 2657 479 2724 ideo
501 2669 533 2722 et
555 2658 635 2724 illud
658 2669 780 2737 serunt,
802 2681 867 2724 non
878 2660 1054 2746 deponunt.
1077 2658 1195 2726 Cetero
1206 2683 1302 2747 cepas

179 2769 229 2823 ter
248 2759 335 2824 fosso
356 2759 421 2824 seri
435 2759 547 2825 iubent
560 2759 746 2845 exstirpatis
759 2760 923 2827 radicibus
934 2761 1118 2839 herbarum,
1140 2761 1175 2826 in
1189 2761 1302 2848 iugera

178 2859 277 2924 denas
297 2859 413 2936 libras3
435 2860 646 2926 intermisceri
668 2861 851 2939 satureiam,
871 2861 1023 2946 quoniam
1045 2861 1159 2927 melius
1180 2884 1299 2948 prove·

178 2959 258 3038 niet,
291 2961 421 3027 runcari
446 2972 613 3048 praeterea
641 2973 674 3029 et
702 2962 814 3041 sariri,
848 2964 876 3030 si
903 2986 968 3030 non
996 2963 1140 3050 saepius,
1175 2972 1298 3048 quater.

177 3181 262 3228 carpta
280 3174 362 3216 metum
376 3167 462 3232 pioque·
476 3177 550 3230 cart,
567 3170 656 3219 Dalsc.
684 3169 816 3220 marcorum
837 3172 889 3222 iam
906 3170 1002 3222 Sabell.
1019 3172 1173 3232 coniecerat,
1196 3178 1223 3221 et
1238 3186 1299 3222 sane

177 3233 278 3281 Persius
291 3240 315 3294 4,
327 3240 368 3284 ³0.
381 3249 442 3297 cepe
454 3235 582 3284 laudatam
594 3237 662 3285 dicit.
1314 3258 1317 3263 ·

212 3300 297 3361 §¹02-
322 3297 355 3359 E,
368 3300 462 3350 Tacd.
484 3299 529 3362 Et,
539 3297 569 3361 β.
587 3341 619 3351 ..
641 3300 788 3364 condantur,
801 3318 822 3353 c.
844 3303 983 3366 mudantur,
995 3306 1041 3356 ad.
1060 3343 1091 3355 ..
1114 3321 1199 3366 remen,
1210 3306 1244 3355 D.
1262 3321 1298 3355 aa·

179 3372 231 3425 met,
243 3366 335 3416 Tacd.
352 3366 451 3428 semina,
461 3363 512 3431 βγ.

212 3430 226 3492 5
242 3438 298 3482 103.
312 3431 477 3496 retardarunt,
489 3435 544 3484 Τὰ.
563 3474 594 3484 ..
615 3434 753 3498 poenineat,
769 3428 845 3486 ore.
867 3411 1009 3501 geminant,
1021 3433 1115 3503 adstr.
1139 3481 1170 3490 ..
1195 3448 1251 3502 tam,
1262 3440 1298 3491 ita

178 3514 225 3549 nos
237 3501 390 3564 scripsimus.
409 3517 468 3561 cam,
480 3503 546 3551 aod.
565 3509 625 3564 tuac,
637 3496 688 3566 βγ.
707 3543 738 3552 ..
757 3510 861 3563 motare,
873 3506 918 3554 ad.
938 3547 969 3554 -
985 3511 1132 3568 putrescant,
1144 3523 1166 3556 c.

210 3569 225 3630 ᾖ
240 3573 295 3617 104.
322 3567 419 3630 caulem,
434 3562 570 3619 OTacdr.
588 3567 720 3630 eteoclem,
731 3566 762 3630 β.
784 3610 811 3618 ..
831 3570 933 3631 reiterat,
949 3566 1067 3623 OTacd.
1091 3573 1205 3634 emittunt,
1216 3569 1246 3634 β.
1265 3615 1296 3624 .-

177 3641 295 3749 sogpecnpan
297 3636 418 3763 ‘dadai
441 3634 738 3754 fficlddrlledliiradd
750 3643 909 3755 1'illiciat—l
928 3637 1021 3756 indii
1022 3641 1099 3758 ‚41131
1100 3642 1124 3691 d·
1143 3643 1174 3691 T.
1202 3657 1296 3757 am
1354 3724 1360 3737 ·

177 3764 232 3826 siat,
245 3737 273 3816 d..
293 3720 484 3832 insatietatis
497 3787 518 3821 c.
542 3740 661 3820 incddem
673 3741 769 3833 santa
794 3721 1101 3836 „pdadloltae'a’ss
1117 3725 1297 3825 {caturcetim

178 3841 260 3896 ayant,
276 3827 305 3883 θ.
324 3876 354 3884 ..
373 3835 449 3885 caulis
461 3845 484 3886 et
494 3854 578 3900 senen,
594 3831 644 3888 od.
662 3837 741 3887 caules
753 3847 776 3887 et
786 3855 871 3902 semea,
884 3856 906 3890 o.
924 3841 1003 3890 coeles
1014 3850 1037 3890 et
1047 3843 1145 3902 semina,
1157 3837 1228 3906 asty.

211 3901 296 3961 5105.
321 3906 453 3979 perpasti.
474 3905 581 3968 petias.
601 3947 632 3956 ..
658 3904 795 3969 Gallicano,
808 3923 829 3956 c.
848 3949 880 3956 -
898 3907 1037 3971 malonia,
1053 3902 1171 3959 OTaed.
1195 3907 1294 3973 Om.,8.

177 3965 421 4084 aupenlloggnpllacd.
443 3969 535 4032 aliea.
556 3969 679 4051 qllffsstr·
698 4015 730 4025 ...
753 3974 945 4036 emitricnalec.
968 4018 1000 4028 ..
1025 3977 1138 4037 increscit,
1150 3977 1238 4027 Dalee.
1263 4018 1294 4028 -

211 4069 298 4159 srir.
327 4101 446 4162 cenam,
458 4102 501 4152 cu.
523 4103 631 4168 aenam,
643 4123 665 4157 a
684 4109 1132 4175 V.Thsophr.l.1.vss.4,10.-
1151 4119 1293 4174 ramas,

175 4168 371 4286 paeda-aesone,
389 4172 453 4220 acd.
475 4170 546 4232 sorec
566 4171 628 4234 solo,
647 4169 698 4239 βγ.
725 4176 768 4227 Ita
784 4177 986 4229 dicitursubocto
1003 4181 1018 4242 ξ
1036 4185 1092 4230 149.
1115 4219 1146 4229 -
1168 4179 1254 4242 sordi,
1269 4185 1293 4233 d.

241 4272 247 4296 ‚
294 4273 299 4286 ,
835 4272 838 4279 .
