2896 4792
421 257 490 303 nm.
508 257 582 304 xxr.
613 256 691 303 cnr.
708 257 767 305 xx.
800 255 898 304 snos.
914 257 996 301 ss-ss.
1202 242 1264 305 405

144 409 222 474 vitia
249 431 333 492 quae
359 408 541 473 sanaverint
568 408 688 472 faciant
718 406 882 473 rebellare.
916 405 1086 473 Saliuncae
1113 408 1205 472 radix
1232 407 1265 472 in

144 511 218 574 vino
240 511 375 575 decocta
396 509 480 574 sistit
502 509 709 588 vomitiones,
732 509 920 574 conroborat
941 508 1148 574 stomachum.

186 612 237 676 84.
259 610 351 677 ΡοΙίο
373 609 531 674 Musaeus
553 622 586 677 et
602 609 767 675 Hesiodus
789 610 950 699 perungui
971 609 1082 675 iubent
1104 609 1328 695 dignatio-145

143 712 194 777 nis
214 711 401 800 gloriaeque
423 711 552 790 avidos3
587 711 710 798 polium
731 711 878 792 tractari,
908 713 984 790 coli,
1014 710 1137 799 polium
1159 722 1267 777 contra

143 835 265 877 venena
286 811 408 890 haberi,
442 824 551 878 contra
575 814 733 899 serpentis
761 813 939 891 substerni,
972 815 1037 891 uri,
1070 812 1204 897 portari,
1233 813 1266 877 in

143 915 217 979 vino
240 914 374 997 decoqui
397 937 510 979 recens
532 914 584 979 vel
599 914 727 979 aridum
740 915 903 999 inlinique.
927 915 1049 980 Medici
1072 916 1122 981 vel
1145 913 1265 1000 spleni·

144 1014 190 1078 cis
212 1015 384 1101 propinant
406 1038 445 1080 ex
467 1026 576 1093 aceto,
603 1016 716 1082 morbo
738 1017 827 1102 regio
849 1017 883 1080 in
905 1017 994 1094 vino,
1028 1026 1058 1080 et
1080 1014 1266 1102 hydropicis

142 1115 371 1201 incipientibus
399 1118 432 1181 in
455 1118 530 1182 vino
553 1118 736 1194 decoctum3
769 1110 952 1182 volneribus
975 1139 1101 1201 quoque
1125 1117 1171 1183 sic
1192 1116 1265 1181 inli-

141 1230 232 1281 nunt.
264 1215 433 1283 Secundas
460 1219 628 1283 mulierum
654 1230 831 1305 partusque
857 1230 1018 1284 emortuos
1051 1218 1156 1305 pellit,
1189 1218 1266 1282 item
1283 1237 1328 1280 its

142 1320 269 1386 dolores
284 1321 445 1406 corporis;
468 1321 592 1386 vesicas
615 1321 728 1400 inanit,
751 1321 915 1407 epiphoris
929 1320 1082 1385 inlinitur.
1104 1318 1175 1383 Nec
1198 1340 1265 1381 ma-

143 1420 194 1504 gis
221 1420 284 1485 alia
309 1420 409 1488 herba
437 1423 586 1488 convenit
614 1422 845 1487 medicamento
872 1422 958 1506 quod
987 1420 1266 1506 alexipharmacon

142 1511 271 1600 vocant}
305 1522 468 1590 stomacho
490 1535 597 1588 tamen
618 1524 731 1589 inutile
754 1546 826 1590 esse
849 1534 1008 1610 caputque
1038 1545 1076 1588 eo
1098 1521 1213 1607 inpleri
1235 1531 1265 1585 et

141 1620 289 1687 abortum
310 1621 381 1688 fieri
402 1633 478 1710 poto
501 1624 601 1710 aliqui
623 1636 754 1713 negant.
776 1625 821 1689 Et
842 1624 1031 1713 religionem
1053 1623 1187 1699 addunt,
1209 1621 1327 1686 ubi1rs
1415 1610 1420 1617 ’

141 1721 305 1787 inventum
325 1724 376 1804 sit,
399 1727 547 1810 protinus
569 1726 810 1814 adalligandum
832 1738 942 1792 contra
963 1724 1129 1792 oculorum
1151 1722 1264 1788 subfu-

142 1823 250 1896 siones
277 1825 520 1910 cavendumque
533 1893 537 1899 ,
551 1849 599 1891 ne
620 1839 738 1892 terram
764 1828 915 1916 attingat.
949 1825 996 1890 Hi
1028 1837 1062 1891 et
1088 1823 1165 1889 folia
1194 1825 1264 1889 eius

113 1958 115 1963 ·
142 1923 251 2009 thymo
274 1925 390 1991 similia
411 1926 556 2011 tradunt,
588 1927 650 1992 nisi
670 1928 760 2012 quod
784 1927 924 1993 molliora
955 1937 1030 1992 sunt
1056 1936 1088 1991 et
1108 1925 1263 1995 lanatiore

141 2027 268 2093 canitie.
301 2025 386 2093 Cum
412 2039 485 2099 ruta
510 2029 648 2094 silvestri
682 2039 715 2094 et
743 2029 771 2094 si
800 2039 991 2095 teraturex
1018 2049 1103 2111 aqna
1131 2025 1263 2090 caelesti
1324 2102 1332 2115 .

140 2128 270 2214 aspidas
284 2129 430 2217 mitigare
451 2129 578 2207 dicitur,
602 2141 635 2195 et
656 2153 719 2195 non
743 2153 836 2197 secus
859 2140 955 2214 atque
978 2150 1100 2214 cyanus
1122 2126 1260 2193 adstrin-

140 2229 189 2314 git
210 2240 243 2295 et
265 2231 393 2295 cohibet
412 2232 545 2296 volnera
565 2230 775 2316 prohibetque
798 2255 936 2318 serpere.

183 2329 234 2394 85.
256 2319 477 2415 Holochrysos
502 2331 649 2396 medetur
670 2333 871 2420 stranguriae
892 2334 927 2397 in
949 2333 1023 2397 vino
1046 2342 1078 2396 et
1098 2330 1261 2396 oculorum
1277 2348 1324 2393 iss

141 2429 306 2515 epiphoris
327 2430 440 2508 inlita,
463 2453 537 2495 cum
558 2432 647 2496 faece
668 2453 746 2496 vcro
768 2432 833 2497 vini
856 2443 997 2497 cremata
1019 2443 1052 2496 et
1073 2431 1200 2516 polenta
1220 2427 1261 2491 li-

140 2528 258 2596 chenas
286 2527 447 2599 emendat.
478 2528 711 2616 Chrysocomes
733 2531 827 2596 radix
848 2532 997 2598 calefacit
1018 2542 1050 2597 et
1072 2528 1260 2616 adstringit3

139 2670 244 2720 vocibus
256 2668 294 2718 vel
309 2669 337 2732 (i.
351 2686 372 2720 e.
389 2667 461 2730 σάω)
476 2668 587 2733 splenicis
598 2669 735 2734 propinant,
751 2678 781 2720 ut
796 2672 932 2722 auctoritas
950 2672 1105 2720 medicomm
1118 2676 1263 2733 opponatur

139 2737 247 2787 Musaeo
263 2746 296 2787 et
304 2739 425 2788 Hesiodo.
448 2738 588 2800 Hucusque
604 2738 734 2801 tripolium
749 2737 881 2789 laudatum
897 2739 981 2789 iuerat
995 2746 1024 2788 ut
1036 2743 1124 2788 contra
1135 2743 1262 2800 serpentes

139 2803 245 2868 efficax3
267 2806 319 2855 iam
335 2813 475 2869 sequuntur
492 2806 544 2855 alia
563 2807 719 2855 medicorum
735 2808 848 2856 remedia
864 2822 898 2857 ex
915 2822 945 2856 so
963 2813 1073 2870 sumpta.
1096 2845 1128 2854 ..
1155 2801 1261 2866 decoqui,

138 2872 221 2923 RTd.
248 2871 277 2929 de
293 2878 340 2936 quo’
354 2872 404 2936 qui,
419 2875 454 2922 V.
481 2869 618 2936 decoquunt,
634 2868 663 2934 β.
687 2914 718 2923 ..
745 2871 861 2938 ι’ἱὶἰηίᾳαε,
878 2874 992 2925 RVTd.
1018 2871 1164 2934 illiuuutquc,
1179 2866 1210 2931 β.
1230 2911 1260 2920 ..

138 2937 241 3003 Medici3
264 2941 314 2991 hoc
329 2957 376 2990 nos
393 2942 542 2993 insumimus
558 2941 616 2990 coll.
633 2942 800 2991 adnotatione
811 2943 947 3006 superiore.
965 2942 1054 2993 Omitt.
1071 2934 1204 3002 uvdflr.
1229 2978 1259 2987 -

138 3005 182 3084 vel,
198 3008 282 3069 RVd.
301 3005 400 3072 Om'r.
420 3049 451 3058 -
477 3005 644 3072 splenioisffl.
669 3006 810 3072 splemtictb,
826 3004 909 3071 Vdss.
931 3051 962 3060 -
990 3025 1027 3072 aa,
1044 3010 1097 3060 Rd.
1123 3014 1154 3068 et,
1169 3007 1204 3057 V.
1228 3046 1259 3056 -

137 3091 179 3135 stc,
191 3091 242 3125 om.
254 3092 273 3126 r.
956 3116 958 3121 .

172 3141 257 3202 5146.
281 3151 303 3190 et
318 3151 429 3201 mortuos,
444 3145 476 3194 R.
502 3151 611 3204 mortuos,
631 3136 710 3195 OV‘d.
731 3187 762 3196 ..
783 3144 859 3209 pellit,
876 3139 955 3196 OVd.
979 3143 1046 3209 polit,
1059 3145 1090 3194 T.
1117 3140 1216 3207 sepeliit,
1228 3140 1260 3191 B.

137 3208 241 3272 expellit,
252 3209 285 3259 K.
304 3208 403 3272 repellit,
415 3205 444 3270 β.
463 3250 494 3259 -
514 3209 601 3270 iacuit,
612 3213 636 3260 d.
654 3211 728 3274 iacui,
741 3214 772 3263 R.
791 3213 884 3274 auiam,
896 3215 942 3263 V'.
961 3228 1001 3273 uu,
1013 3214 1064 3262 V2.
1084 3252 1115 3261 -
1134 3208 1260 3274 epiphoni,

137 3277 190 3325 Td.
216 3283 240 3324 et
254 3275 381 3339 epiphoris,
397 3271 509 3340 Rvssr.
535 3278 573 3327 At
592 3279 712 3341 copulam
732 3281 816 3332 deberi
827 3281 1027 3343 ‚interpolationi
1048 3281 1123 3328 docet
1142 3278 1260 3341 proxima

138 3345 401 3406 scripturaevaristas.
419 3384 450 3393 ..
470 3341 708 3407 dvemphcmucoru
720 3348 745 3397 d.
764 3388 794 3396 ..
816 3354 882 3411 puto,
895 3348 928 3397 V.
948 3387 979 3395 -
997 3353 1076 3409 nepot,
1088 3347 1120 3394 R.
1141 3345 1259 3395 cetorum

137 3411 164 3458 iu
177 3411 216 3460 his
228 3425 267 3460 vv.
280 3411 424 3475 corruptela
434 3410 505 3461 latet.
528 3413 594 3462 Nam
612 3427 670 3461 cum
685 3413 752 3462 Plin.
768 3417 847 3464 modo
865 3415 971 3464 dixisset
985 3414 1056 3476 polio
1071 3412 1169 3461 nullam
1180 3412 1259 3476 aliam

138 3478 243 3528 herbum
255 3479 337 3542 magis
349 3479 484 3528 convenire
495 3480 529 3528 ad
539 3479 772 3543 alexipharmacon,
784 3481 939 3544 ineptissime
951 3481 1051 3530 additur
1061 3478 1162 3542 sliquos
1173 3486 1258 3529 tamen

137 3560 224 3609 separe
241 3548 348 3596 eandem
362 3547 478 3609 plantam
493 3545 609 3596 inutilem
625 3561 680 3597 esse
696 3549 827 3598 stomacho
843 3557 869 3598 et
886 3556 962 3611 caput
977 3548 1083 3612 implere
1099 3553 1125 3597 et
1141 3548 1258 3597 abortum

137 3613 230 3676 facere3
254 3623 416 3678 exspectatur
432 3614 519 3678 potius
536 3613 611 3663 uiuat.
637 3615 706 3664 Hinc
725 3616 851 3665 nonnulla
867 3615 944 3665 verba
961 3615 1086 3665 excidisse
1103 3623 1129 3664 et
1145 3613 1258 3664 Plinium

138 3680 189 3730 fere
206 3683 336 3745 scripsisse
353 3690 427 3745 puto:
445 3679 508 3742 fieri
525 3688 582 3744 poto
600 3679 677 3744 aliqui
693 3681 793 3744 uiuus,
816 3680 893 3744 quod
912 3680 971 3731 ulii
987 3690 1081 3747 uepuru.
1111 3681 1258 3733 Similitudo
1317 3714 1323 3723 ·

136 3762 229 3797 vocum
241 3747 317 3812 aliqui
328 3756 353 3799 et
364 3747 409 3796 ulii
417 3749 536 3798 hennam
547 3749 623 3798 facile
634 3749 732 3799 efficere
744 3750 835 3813 potuit.

170 3817 256 3878 §lta
278 3814 321 3875 Er,
337 3808 446 3866 OVTd.
469 3811 610 3880 Adspir.
629 3857 660 3865 ..
685 3816 810 3880 rupissem,
823 3818 847 3867 d.
867 3857 898 3867 -
921 3815 1176 3882 ododipuudumffld.
1202 3812 1258 3864 allt'·

136 3880 249 3945 paudum,
265 3875 352 3933 (ΝΤ.
373 3923 404 3932 ..
427 3882 554 3947 staupum,
566 3882 680 3934 RVTd.
699 3924 730 3933 ..
754 3883 811 3945 eius,
828 3901 878 3936 om.
891 3886 916 3936 d.
936 3927 967 3935 -
989 3883 1113 3946 similas
1131 3923 1162 3934 -
1188 3881 1257 3932 lous-

137 3949 207 4010 tioro,
220 3951 243 3999 d.
263 3990 294 3999 ..
314 3949 376 4011 etsi,
387 3950 449 4000 RV.
476 3950 570 4011 stud
589 3991 621 4000 -
640 3953 827 4013 utuou,RVd.
846 3993 878 4002 ..
901 3961 979 4016 utque,
993 3955 1016 4004 d.
1043 3952 1156 4016 aquali.
1183 3965 1256 4014 aquo,

137 4017 170 4067 V.
192 4057 221 4066 ..
241 4033 337 4081 munus,
349 4018 432 4068 RVd.
451 4017 549 4082 cytinus,
562 4018 665 4069 Barbar.
677 4014 706 4080 β.
727 4061 757 4069 ..
773 4019 934 4084 prohibetque,
946 4021 1002 4071 Vd.
1020 4019 1162 4082 cohibetque,
1173 4019 1205 4068 R

170 4088 185 4149 ξ
200 4091 256 4135 148.
274 4083 429 4149 Holoclupso,
441 4086 465 4135 d.
487 4083 634 4149 Oloobspsos,
645 4087 707 4138 RV.
722 4128 749 4136 ..
771 4088 796 4137 iu
808 4087 870 4148 vino,
882 4089 964 4139 RVd.
983 4087 1009 4136 iu
1021 4087 1073 4136 vino
1083 4094 1149 4151 poto,
1159 4080 1210 4151 βγ.
1225 4125 1256 4136 ...

137 4150 214 4213 inlitu,
228 4154 251 4202 d.
279 4151 369 4213 inlitus,
380 4154 424 4206 R.
438 4150 540 4214 iulium,
551 4154 585 4203 V.
604 4194 635 4203 ..
659 4154 835 4218 emendantv.
856 4195 886 4207 -
912 4153 1085 4220 Quattuor,
1102 4155 1219 4206 Dioscor.
1232 4161 1256 4216 4,

137 4225 176 4270 55.
196 4261 225 4270 ..
245 4217 383 4285 adstringit,
394 4220 536 4272 RVTKd.
553 4219 656 4287 tutuo,
667 4217 719 4286 βγ.
