2896 4792
135 249 195 312 118
486 260 689 306 seruauere
712 258 907 306 merueras

134 411 219 496 capit
245 434 286 474 ne
309 409 407 474 serito
430 421 461 473 ct
483 408 604 473 circum
629 409 736 493 capita
756 406 865 472 addito
888 418 1022 484 eteroue,
1049 408 1172 492 paleas,
1201 407 1253 473 vi·

133 532 260 586 nuceas,
284 508 406 593 aliquid
421 508 550 585 ⁴horum,
578 530 643 591 quo
669 507 789 572 rectius
811 508 925 572 valeat
961 506 1029 572 Ubi
1050 507 1144 572 vinea
1165 492 1254 574 frbn-

133 609 210 674 dcre
223 609 377 693 coeperit,
392 608 586 694 pampinato.
610 607 732 673 Vineae
746 607 889 672 novellas
912 606 1056 694 adligato
1072 607 1195 685 crebro,
1212 630 1254 672 ne

134 709 235 776 caulis
256 708 505 796 praefringatur.
527 707 571 772 Et
592 729 674 791 quae
689 707 754 771 iam
769 707 803 771 in
817 707 971 792 perticam
984 707 1055 784 ibit,
1077 707 1146 772 eius
1160 731 1254 794 pam-

134 810 227 895 pinos
256 821 382 875 teneros
404 807 545 895 adligato
566 808 680 873 leviter
712 806 933 894 porrigitoque
960 807 1008 871 uti
1034 817 1122 872 recte
1151 816 1253 883 stent3

133 911 190 976 ubi
212 932 276 975 uva
296 910 385 975 varia
406 908 476 974 fieri
498 909 650 992 coeperit,
673 907 746 972 vitis
768 907 938 995 subligato.
961 906 1048 972 Vitis
1067 906 1176 973 insitio
1190 906 1256 971 una
1270 926 1318 972 ros

134 1021 184 1076 est
204 1033 264 1097 per
285 1033 352 1086 ver,
375 1010 474 1074 altera
495 1031 568 1074 cnm
589 1031 653 1073 uva
672 1007 764 1074 floret
771 1031 780 1084 3
811 1029 849 1072 ea
870 1018 1000 1093 optuma
1022 1019 1081 1074 eet.
1118 1009 1255 1075 Vrneam

134 1123 274 1176 veterem
300 1109 383 1175 siin
405 1109 503 1174 alium
523 1110 628 1174 locum
651 1109 822 1172 transferre
844 1107 943 1186 voles,
970 1109 1140 1173 dumtaxat
1160 1107 1254 1173 brao-

137 1212 244 1278 chium
267 1231 407 1276 crassam
428 1209 546 1274 licebit.
569 1207 714 1273 Primum
736 1209 899 1293 deputato.
923 1207 1026 1273 Binae
1047 1231 1192 1295 gemmae
1212 1230 1256 1273 ne

134 1313 272 1397 amplius
292 1310 471 1395 relinquito.
492 1308 546 1372 Ex
568 1308 732 1374 radicibus
745 1308 829 1374 bene
846 1307 991 1385 effodite,
1014 1330 1116 1392 usque
1130 1309 1256 1373 radices

134 1410 319 1497 persequito
342 1420 375 1474 et
396 1431 474 1474 cave
501 1409 627 1475 radices
655 1432 696 1473 ne
718 1409 850 1474 saucies.
872 1407 924 1473 Ita
945 1408 995 1473 uti
1016 1408 1122 1487 fircrit,
1144 1410 1255 1494 ponito

133 1510 167 1576 in
190 1511 301 1577 scrobe
322 1509 433 1575 autin
455 1509 544 1575 sulco
564 1509 752 1594 operitoque
772 1521 804 1575 et
822 1510 905 1575 bene
920 1510 1100 1588 occulcuto;
1124 1510 1254 1575 ecdem-

134 1610 314 1696 quemodo
336 1610 464 1675 vineam
487 1609 625 1688 statuite,
647 1609 789 1695 adligato
803 1609 984 1694 flexatoque
998 1614 1044 1677 uti
1065 1611 1162 1676 frrerit
1181 1633 1254 1676 cre-

134 1708 255 1794 broque
276 1709 408 1775 fodit0.'’
442 1707 594 1789 Ocinum,
622 1710 710 1793 quod
738 1709 772 1773 in
799 1710 892 1775 vinea
916 1711 979 1775 seri
1000 1711 1102 1790 iubet,
1131 1710 1255 1795 antiqui

134 1809 342 1896 appellabant
368 1808 522 1895 pabulum
548 1810 680 1876 umbrae
709 1809 845 1895 patiens,
874 1811 963 1894 quod
990 1811 1156 1877 celerrime
1177 1832 1255 1897 pru-

135 1909 253 1974 veniat.

176 2009 313 2074 XXIII.
349 2007 503 2093 Sequitur
524 2009 646 2076 arbusti
668 2009 749 2075 ratio
770 2010 887 2075 mirum
907 2011 942 2075 in
960 2011 1091 2075 modum
1105 2011 1255 2076 damnata
1270 2027 1318 2075 res

135 2132 155 2173 a
184 2107 325 2175 Saserna
355 2120 447 2196 patre
478 2110 624 2194 filioque,
659 2110 818 2177 celebrata
847 2108 995 2190 Scrofae,
1029 2111 1256 2177 vetustissimis

134 2220 210 2294 post
236 2208 393 2275 Catonem
418 2210 696 2296 peritissimieque‚
724 2234 762 2276 ac
788 2232 829 2275 ne
857 2234 877 2275 a
899 2210 1013 2277 Scrofa
1041 2211 1171 2295 quidem
1191 2213 1256 2277 nisi

135 2308 247 2375 Italiae
269 2333 430 2388 concessa,
454 2333 525 2376 cum
549 2320 614 2375 tam
633 2311 730 2399 longo
751 2310 912 2376 iudicetur
933 2334 1013 2379 aevo
1041 2312 1162 2377 nobilia
1181 2313 1256 2378 vina

135 2428 200 2475 non
221 2411 283 2475 nisi
303 2411 337 2475 in
358 2410 499 2477 arbustis
519 2412 613 2500 gigni
634 2412 720 2477 etin
741 2411 792 2476 bis
811 2411 1142 2497 quaquellaudaticra
1165 2434 1255 2477 sum-

134 2510 195 2575 mIs
219 2511 301 2575 sicut
320 2511 472 2576 uberiora
491 2513 582 2588 imis;
606 2512 687 2576 adeo
707 2511 889 2576 excelsitate
910 2512 1085 2597 proficitur.
1107 2512 1181 2577 Hac
1201 2534 1255 2576 ra·-
1270 2532 1320 2577 aco

136 2610 221 2676 tione
249 2622 282 2677 et
307 2612 438 2677 arbores
468 2612 645 2699 eliguntur:
678 2612 952 2699 primoomnium
977 2614 1095 2692 ulmus,
1122 2623 1257 2698 excepta

134 2722 266 2797 propter
286 2712 417 2776 nimiam
438 2713 584 2778 frondem
610 2712 726 2788 atinia3
757 2712 832 2778 dein
853 2714 993 2799 populus
1015 2714 1121 2802 nigra,
1143 2714 1256 2779 eadem

167 2917 352 2995 captaqucato.
376 2958 406 2967 ..
433 2934 462 2966 ne
477 2919 558 2981 nerito,
574 2922 591 2969 d
607 2918 708 2982 (Cato).
734 2919 840 2980 mereto,
856 2935 895 2968 ar.
920 2959 951 2968 ..
979 2918 1084 2982 aliquid,
1100 2923 1137 2970 ad
1153 2916 1254 2982 (Cato).

133 2991 176 3032 aut
192 2982 293 3047 alequid,
310 2980 361 3048 βγ.
384 3026 416 3063 .-
442 2984 532 3086 borant:
554 2987 706 3102 quokqectiue
726 2984 991 3103 quleathregcoaqecepi
1004 3002 1044 3102 quiq
1056 2985 1264 3116 (aqumltguqqu,

131 3045 534 3182 qua-mmxuqqaqqqtqn
546 3054 833 3187 ἒζέἰθοένέζῖᾚςίδ.
843 3089 871 3168 ’et
882 3071 1025 3171 Ponte-daia
1036 3091 1162 3185 tintiqnitt.
1174 3137 1199 3185 p.
1213 3090 1255 3172 tsi

133 3249 166 3282 ex
178 3233 233 3284 Cat.
252 3275 284 3284 -
308 3235 349 3296 uti,
361 3235 397 3285 ita
408 3251 456 3286 nos
468 3239 612 3301 scripsimus
625 3254 658 3287 cx
671 3238 728 3289 Cat.
750 3237 832 3300 ubi,a.
855 3213 878 3297 l,
892 3238 915 3286 d.
936 3245 970 3299 at,
982 3252 1006 3301 γ.
1038 3235 1197 3301 Ωιιαοὶὁὶ,β.
1223 3279 1254 3288 ..

76 3301 82 3313 ’
132 3308 200 3362 stent,
217 3294 286 3351 θεὰ.
309 3302 421 3365 steterint,
433 3299 462 3364 β.
484 3312 594 3367 spectent,
607 3305 681 3356 Cato.
700 3347 731 3354 ..
755 3304 920 3364 variacato.
943 3303 1058 3365 rathario,
1071 3309 1113 3356 ad.
1134 3346 1164 3356 ..
1181 3305 1255 3354 subli-

131 3375 204 3431 9at03
216 3377 275 3431 post
287 3369 312 3419 h.
325 3385 349 3419 r.
362 3373 430 3436 apud
443 3369 567 3421 Catonem
579 3381 720 3436 sequuntur
725 3372 865 3436 pampinato
874 3387 978 3436 araeque
988 3369 1105 3434 expellito,
1118 3374 1204 3422 circum
1213 3389 1255 3431 aa·

129 3434 286 3552 pitaflsaritc,
308 3451 372 3499 quae
393 3436 536 3488 iomeruca
552 3440 637 3490 Plinio
653 3442 760 3503 repetita
776 3456 822 3504 per
842 3438 1031 3489 similitudinem
1054 3440 1254 3489 homoeoteleuti

132 3517 189 3551 cxci
208 3512 288 3552 crunt.

166 3589 251 3650 5198.
284 3586 345 3638 Vitis
362 3586 448 3648 insitio,
466 3588 532 3641 Cato
551 3591 582 3640 de
599 3606 626 3641 re
643 3599 705 3642 rust
724 3597 764 3641 41.
792 3633 823 3641 -
858 3590 957 3641 Vineam
973 3599 1080 3650 veterem
1097 3587 1163 3640 caro
1179 3592 1211 3638 de
1227 3605 1253 3640 re

130 3663 192 3704 rust
205 3660 246 3704 49.
270 3695 301 3703 -
329 3653 436 3717 voluerit,
449 3657 480 3706 T.
503 3698 535 3706 -
561 3674 667 3707 uaccam
680 3657 765 3720 licebit,
781 3651 913 3721 0(car0).
940 3656 1140 3715 aaewmlicebit,
1157 3656 1253 3720 Tadr.

131 3737 247 3782 morsura,
259 3715 289 3782 β
309 3763 340 3770 -
359 3739 387 3771 ne
398 3721 509 3786 amplias,
521 3727 567 3780 ad,
586 3741 627 3775 nec
638 3722 748 3790 amplius,
759 3721 788 3786 β.
809 3766 840 3776 -
859 3724 971 3789 exfodito,
983 3742 1006 3775 a.
1026 3765 1057 3774 -
1075 3739 1148 3789 aeque
1159 3722 1254 3772 radices

128 3789 275 3853 peraequum
288 3791 353 3839 haec
363 3791 448 3852 verba,
462 3806 527 3853 quae
538 3789 623 3856 adssy
633 3795 762 3858 omittunt,
771 3795 798 3842 in
810 3794 895 3842 codice
904 3793 967 3842 Abr.
978 3792 1102 3842 Gronovii
1114 3791 1165 3854 legi
1178 3799 1254 3841 testa-

131 3867 172 3907 tur
184 3858 330 3908 Schneider.
343 3859 376 3906 ad
389 3857 444 3908 cat.
456 3874 481 3922 p.
497 3864 552 3909 lar.
574 3863 684 3910 Exstant
701 3862 768 3924 apud
780 3860 914 3920 Catonem,
931 3860 974 3910 ubi
991 3874 1059 3909 nunc
1070 3860 1164 3923 legitur
1173 3875 1253 3922 parce·

131 3923 216 3986 quitor,
229 3940 309 3988 euque
322 3926 348 3974 h.
361 3927 379 3974 l.
393 3927 552 3977 desiderabat
563 3927 707 3978 Pontedera
718 3927 844 3991 antiquitt
860 3943 885 3991 p.
899 3931 939 3978 59.
962 3967 994 3976 -
1020 3924 1198 3987 radicesque.
1226 3942 1254 3974 aa

131 3990 231 4049 radr'cee,
244 3994 298 4042 To.
325 3990 427 4053 radices,
447 3986 476 4041 θ.
495 4034 526 4042 ..
554 3993 678 4054 occultato,
698 3987 787 4044 θεᾶν.
815 3993 936 4055 occultato,
952 3989 982 4054 β.
1006 4036 1036 4043 ..
1060 3993 1166 4055 statuite,
1182 3989 1252 4043 Ocu.

131 4058 292 4117 statuminatc,
308 4055 337 4120 β.
361 4102 392 4109 ..
412 4059 561 4123 fleratoque,
583 4054 632 4110 θᾱ.
651 4061 801 4124 floaathae,
818 4065 854 4110 a².
872 4061 1034 4126 stosauthue,
1051 4065 1086 4112 al
1117 4060 1252 4125 laxatoque,

132 4128 205 4175 codd.
217 4127 331 4242 Ilarlqari,
343 4123 373 4188 β.
393 4168 423 4178 ..
443 4126 589 4189 sueritad.
608 4127 703 4190 suerat,
719 4124 748 4190 β.
768 4169 798 4178 ..
828 4128 935 4191 Ociaum,
952 4134 998 4181 ad.
1029 4130 1148 4194 ocymum,
1166 4124 1195 4190 β.
1221 4169 1251 4178 -

129 4201 258 4255 proveniet,
289 4232 294 4246 ,
