2896 4792
200 248 241 315 26
267 244 270 251 '
551 266 754 314 usuuasure
777 266 970 315 ars'ronmu

200 419 290 497 salix,
311 418 416 495 alnus,
439 438 547 483 nuces.
584 416 731 483 Festinat
752 429 784 483 et
804 418 971 503 platanus;
1000 430 1124 485 ceterae
1146 442 1219 486 vere
1240 443 1314 488 coe-
1328 440 1360 485 as

199 532 310 607 ptura,
340 516 544 604 aquifolium,
567 519 780 598 terebinthus,
803 520 961 606 paliurus,
982 532 1147 599 castanea,
1168 522 1314 608 glandes,

198 621 337 688 serotino
358 630 465 686 autem
487 620 630 706 germine
651 622 763 700 malus,
785 622 968 689 tardissimo
983 623 1088 689 suber.
1111 621 1314 706 Quibusdam

197 723 381 813 geminatur
401 721 590 811 germinatio
611 721 709 788 nimia
732 723 790 789 soli
811 723 955 791 ubertate
977 736 1032 791 aut
1051 725 1216 792 invitantis
1233 724 1314 792 caeli
1368 808 1372 815 Ι

197 826 379 911 voluptate,
408 823 495 908 quod
522 824 626 913 magis
653 823 687 889 in
714 823 822 891 herbis
844 836 990 912 segetum
1011 827 1196 904 evenit;·in
1217 827 1312 894 arbo·

196 924 287 992 ribus
308 937 415 992 tamen
434 926 533 992 nimia
553 925 742 1013 germinatio
763 927 935 994 classescit.
958 925 1044 994 Sunt
1056 929 1136 995 aliae
1150 930 1313 995 naturales
1325 948 1358 993 aa

197 1027 389 1113 quibusdam
409 1039 602 1114 praeterque
623 1049 770 1106 vernam,
794 1050 876 1113 quae
899 1029 966 1095 suis
988 1040 1133 1096 coustant
1154 1029 1313 1097 sideribus

197 1149 334 1213 quorum
352 1130 435 1195 ratio
456 1129 565 1215 aptius
582 1129 735 1195 reddetur
748 1131 840 1197 tertio
853 1130 894 1195 ab
908 1131 969 1197 boc
982 1132 1141 1197 volumine
1148 1155 1158 1208 ;
1179 1131 1313 1198 hiberna

196 1230 319 1314 aquilae
340 1239 470 1308 exortu,
498 1230 620 1296 aestiva
641 1231 730 1297 canis
749 1241 837 1311 ortu,
862 1232 954 1297 tertia
975 1232 1104 1300 arcturi.
1139 1231 1211 1298 Has
1232 1232 1313 1299 duas

195 1330 327 1415 quidam
346 1330 495 1398 omnibus
520 1331 688 1398 arboribus
718 1333 884 1398 conmunis
910 1344 1041 1419 putant,
1069 1334 1180 1400 sentiri
1206 1344 1312 1400 autem

195 1455 344 1498 maxume
365 1434 400 1498 in
420 1431 500 1513 lico,
529 1434 612 1512 vite,
633 1434 776 1520 punicis,
794 1456 928 1511 oausam
947 1436 1141 1514 adferentes,
1162 1436 1312 1520 quoniam

194 1534 229 1600 in
243 1532 412 1601 Thessalia
424 1533 680 1621 Macedoniaque
694 1537 841 1623 pluruma
856 1547 924 1602 tum
938 1537 1019 1603 licus
1033 1546 1141 1616 exeat3
1163 1558 1311 1602 maxume

195 1646 301 1702 tamen
327 1637 361 1701 in
382 1637 536 1726 Aegypto
565 1637 699 1724 adparet
726 1637 807 1704 baec
827 1638 919 1704 ratio.
954 1637 1000 1702 Et
1018 1639 1160 1723 reliquae
1182 1638 1311 1723 quidem
1326 1659 1374 1704 mo

194 1736 336 1816 arbores,
350 1749 389 1803 ut
401 1739 541 1824 primum
556 1760 699 1825 coepere,
715 1738 900 1806 continuant
914 1740 1176 1826 germinationem
1181 1766 1191 1821 3
1213 1740 1312 1808 robur

196 1848 229 1906 et
256 1838 345 1905 abies
373 1850 406 1905 et
432 1841 514 1905 larix
540 1839 768 1919 intermittunt,
800 1841 959 1929 tripertita
985 1862 1025 1909 ac
1050 1853 1142 1910 terna
1167 1843 1312 1930 germina

196 1940 312 2018 eduut3
334 1941 408 2007 ideo
429 1953 462 2007 et
476 1952 524 2009 ter
540 1962 689 2027 squamae
703 1942 858 2009 corticum
874 1958 1041 2032 spargunt,
1061 1944 1149 2030 quod
1162 1943 1312 2011 omnibus

194 2039 365 2108 arboribus
396 2042 431 2107 in
463 2043 692 2132 germinatione
725 2045 850 2123 evenit,
885 2046 1036 2130 quoniam
1066 2045 1311 2131 praegnantium

194 2142 354 2229 rumpitur
382 2154 500 2210 cortex.
536 2144 599 2210 Est
629 2156 752 2211 autem-
767 2147 872 2233 prima
900 2168 1010 2213 earum
1034 2147 1210 2232 incipiente
1236 2170 1312 2214 vere

163 2264 167 2270 ·
195 2244 321 2312 circiter
339 2267 386 2310 xv
401 2245 515 2311 diebus
520 2270 529 2323 3
551 2248 667 2312 iterum
681 2248 862 2335 germinant
877 2259 1061 2315 transeunte
1074 2248 1220 2337 geminus
1236 2250 1312 2315 sole.

194 2343 251 2413 Sic
276 2345 314 2410 fit
340 2357 377 2412 ut
403 2348 509 2434 prima
534 2348 699 2414 cacumina
725 2349 835 2436 inpelli
857 2350 975 2417 secutis
995 2350 1151 2436 adpareat
1177 2351 1311 2438 genicu-
1326 2372 1371 2417 ror

194 2450 261 2515 lato
287 2449 491 2515 incremento.
528 2448 637 2516 Tertia
663 2462 713 2516 est
739 2451 912 2517 earundem
933 2452 975 2518 ad
997 2452 1167 2518 solstitium
1187 2451 1311 2520 brevis·

195 2549 277 2615 sima
296 2573 355 2617 nec
377 2550 498 2616 diutius
526 2552 667 2639 septenis
689 2551 819 2633 diebus,
849 2554 997 2640 clareque
1018 2564 1052 2619 et
1072 2565 1150 2620 tuno
1171 2552 1313 2619 cernitur

193 2651 450 2718 excrescentium
471 2653 672 2719 cacuminum
692 2655 881 2722 articulatio.
903 2654 990 2725 Vitis
1011 2657 1078 2723 sola
1095 2656 1147 2723 bis
1164 2656 1312 2742 parturit,

194 2753 428 2840 cumprimum
449 2756 566 2821 emittit
579 2780 686 2836 uram,
707 2757 825 2824 iterum
846 2782 919 2825 cum
934 2759 1062 2846 digerit.
1090 2756 1215 2821 Eorum
1229 2779 1312 2840 quae

193 2877 259 2921 non
278 2855 395 2921 florent
416 2868 527 2943 partus
549 2869 672 2924 tantum
693 2870 744 2925 est
764 2871 798 2925 et
817 2860 994 2925 maturitas.
1018 2858 1186 2940 Quaedam
1204 2856 1312 2921 statim
1328 2875 1374 2919 roa

193 2956 480 3046 ingeminatione
506 2961 622 3027 florent
647 2971 885 3048 properantque
906 2959 940 3025 iu
962 2981 1019 3038 eo,
1050 2958 1108 3024 sed
1129 2956 1220 3022 tarde
1243 2978 1311 3021 ma·

227 3164 296 3226 §lla
306 3165 413 3229 festinat
429 3175 452 3216 ct
463 3165 586 3231 platanus,
601 3185 625 3218 v.
637 3168 769 3233 Theophr.
781 3168 798 3218 l.
810 3168 828 3218 l.
840 3167 890 3217 IH.
903 3174 927 3229 4,
940 3173 963 3217 2.
987 3207 1018 3216 ..
1041 3172 1126 3227 cetera
1143 3165 1188 3214 ad
1205 3205 1237 3214 -
1261 3180 1312 3213 oos-

190 3240 271 3298 ptaro,
287 3250 304 3283 a
319 3231 406 3297 (codd.
418 3233 489 3298 Gal.)
511 3243 658 3300 maccptara,
670 3238 695 3287 d.
721 3244 836 3300 concepto,
851 3236 884 3285 K
904 3275 935 3284 ..
953 3232 1061 3296 aucune,
1076 3248 1100 3284 a.
1118 3274 1150 3284 -
1167 3233 1278 3298 permina,
1290 3249 1313 3284 a

195 3342 227 3350 ..
243 3301 384 3366 parciantur,
396 3319 420 3354 a
436 3303 591 3368 permiscear,
609 3299 680 3368 ἁβγ.
699 3344 731 3354 ..
749 3302 854 3366 minima,
869 3295 941 3353 θεὰ.
960 3343 992 3352 ..
1008 3299 1052 3363 sol
1068 3317 1092 3353 a.
1111 3343 1142 3352 ..
1160 3301 1244 3367 mapa,
1261 3317 1312 3352 om.

194 3370 237 3419 (1¹.
254 3410 287 3420 ..
309 3368 431 3433 abcessit,
447 3374 494 3422 ad.
518 3370 635 3432 maasia,
651 3372 685 3422 K.
707 3371 873 3423 scribendum
887 3372 987 3421 ridetur
1002 3367 1156 3435 alaspaescit,
1176 3384 1235 3420 cum
1249 3371 1313 3421 illud

194 3432 269 3494 ἅπαξ
280 3434 424 3506 εἰρημένον
437 3440 464 3490 iu
475 3440 584 3490 lectione
594 3440 699 3502 vulgata
710 3441 742 3490 sit
754 3440 903 3490 destitutum
915 3439 985 3488 omni
997 3438 1124 3502 analogia

228 3523 296 3638 5229.
322 3522 428 3642 quidam,
443 3540 467 3574 a.
486 3563 518 3573 ..
540 3530 663 3587 paterque,
679 3525 725 3574 ad.
744 3561 777 3573 ..
800 3538 905 3585 vernam,
920 3537 944 3573 a.
971 3518 1149 3588 υαπω,ᾱβγ.
1167 3563 1199 3573 ..
1215 3523 1313 3588 fiatad.

196 3630 227 3640 ...
273 3606 304 3639 ac
343 3628 349 3641 .
621 3622 624 3627 Δ

228 3676 243 3739 §
257 3627 314 3726 100⁵.
336 3673 372 3724 Et
382 3675 495 3740 reliquae,
510 3691 534 3724 v.
547 3674 678 3739 Theophr.
696 3676 715 3727 l.
727 3676 745 3726 l.
762 3675 811 3725 111.
825 3681 848 3737 5,
862 3682 885 3726 l.
904 3717 936 3725 -
960 3675 1087 3740 bipartita,
1100 3692 1123 3725 a.
1151 3674 1280 3739 tripartita,
1293 3692 1313 3726 r.

196 3741 323 3806 tripartito,
336 3738 409 3806 ᾱβγ.
429 3782 461 3792 ..
480 3750 522 3803 tar,
533 3744 557 3791 d.
575 3741 644 3804 inter,
656 3739 707 3806 ast.
725 3785 757 3793 -
775 3741 824 3792 Est
834 3751 911 3793 autem
923 3751 945 3792 et
954 3743 1042 3808 prima,
1055 3745 1086 3795 Τ.
1104 3783 1135 3794 ..
1153 3752 1263 3808 concepto
1273 3745 1314 3794 vel

194 3813 283 3877 affecto
295 3826 355 3871 vere,
368 3810 500 3862 Constant
513 3811 546 3858 ad
557 3810 688 3874 Theophr.
701 3812 760 3862 bist.
773 3812 852 3875 plant
864 3826 889 3876 p.
905 3817 961 3863 132.

229 3893 313 3956 §lot
336 3892 426 3958 prima
446 3886 555 3943 OTadr
570 3889 656 3953 (codd.
668 3893 739 3957 Gal.)
762 3895 850 3959 urimo,
865 3890 895 3956 β.
915 3937 946 3946 ..
968 3896 1060 3958 secuta,
1072 3897 1116 3946 vix
1128 3912 1232 3961 sauum3
1250 3898 1314 3948 mihi

195 3962 260 4013 Plin.
278 3961 391 4010 secuturae
407 3961 534 4025 scripsisse
544 3962 651 4024 videtur,
667 3978 725 4013 cnm
738 3964 881 4014 coniunctio
892 3965 1029 4028 praesentis
1040 3965 1155 4014 infinitivi
1168 3980 1227 4015 cum
1237 3966 1314 4031 parti-

196 4031 263 4094 cipio
275 4028 381 4093 perlecti
392 4030 418 4078 b.
430 4029 448 4078 l.
460 4029 504 4078 vix
515 4027 575 4079 ferri
587 4040 670 4092 queat.
684 4073 715 4082 ..
733 4048 751 4080 a
761 4029 870 4094 arbritio,
882 4032 913 4082 Τ.
933 4073 965 4082 ..
982 4031 1034 4081 solu
1045 4032 1087 4094 bis,
1101 4034 1125 4082 d.
1143 4030 1180 4082 sol
1191 4032 1223 4083 ab
1234 4033 1279 4096 lis,
1291 4050 1313 4083 a

198 4137 229 4147 ..
245 4096 348 4159 primum
361 4111 418 4156 cunt,
432 4096 521 4148 Delec.

231 4178 246 4240 5
261 4185 317 4231 tos.
340 4178 407 4233 meo
418 4178 677 4247 sad-motmoatqae,
693 4201 745 4234 om.
757 4199 775 4249 γ
786 4186 848 4234 vitio
861 4200 1001 4250 operarum.
1020 4227 1051 4236 ..
1071 4185 1139 4236 tarde
1150 4193 1315 4245 naturarum,

198 4250 243 4298 ad.
267 4255 428 4296 maturescant
443 4246 519 4311 tarde,
534 4245 585 4314 βγ.
605 4293 635 4302 ..
659 4260 691 4314 ut,
705 4268 755 4303 om.
767 4269 791 4303 a.
811 4294 842 4305 ..
865 4251 984 4315 Ssrctiaa
1001 4257 1045 4304 ad.
1066 4295 1096 4304 ..
1119 4262 1152 4317 at,
1164 4270 1214 4305 om.
1227 4255 1263 4303 d'.
1283 4293 1314 4302 -
