2896 4792
398 272 466 323 utu.
480 274 568 322 xvu.
596 273 675 321 car.
691 274 809 320 11..1v.
841 272 938 320 secr.
954 276 972 317 a
987 277 1006 318 ³.
1220 255 1261 320 te

141 428 181 494 lis
214 438 246 493 et
276 426 444 492 fluminum
479 438 730 513 stagnorumque
751 425 852 501 ratio;
886 424 1011 489 nebulis
1038 425 1176 489 adurunt
1206 436 1262 489 aut

47 585 50 591 .
141 528 321 595 aestuantia
340 526 543 614 refrigerant.
566 524 737 612 Opacitate
758 535 856 609 atque
878 526 971 590 etiam
994 525 1100 614 rigore
1120 526 1262 614 gaudent

140 652 225 715 quae
247 628 399 706 diximus,
423 649 523 712 quare
545 627 774 714 experimentis
796 637 924 712 optume
946 627 1095 692 creditur.

185 733 217 796 3.
250 729 283 794 A
309 729 398 795 eaelo
425 752 617 815 proxumum
639 740 688 795 est
710 739 814 794 terrae
843 728 964 793 dixisse
991 729 1147 794 rationem
1176 727 1263 792 haud
1277 745 1309 791 aa

141 830 284 897 faciliore
307 840 443 894 tractatu
450 853 460 905 3
493 830 614 917 quippe
641 852 705 894 non
732 829 843 894 eadem
872 829 1040 894 arboribus
1062 830 1209 894 convenit
1232 840 1264 895 et

143 931 293 1019 frugibus
315 931 513 1017 plerumque,
535 954 596 996 nee
618 932 704 1017 pulla
726 932 852 1016 qualem
874 931 970 996 habet
990 929 1169 1017 Campania
1189 931 1262 996 ubi-

143 1055 207 1118 que
234 1044 368 1120 optuma
392 1033 522 1111 vitibus,
550 1043 606 1097 aut
631 1055 714 1118 quae
743 1033 847 1097 tenuis
875 1032 1002 1097 exhalat
1023 1032 1170 1110 nebulas,
1203 1053 1264 1095 neo

143 1135 273 1225 rubrica
294 1133 403 1199 multis
423 1135 562 1200 laudata.
585 1131 714 1199 Cretam
736 1134 770 1198 in
792 1133 981 1199 Albensium
996 1133 1264 1219 Pompeianorum

144 1258 224 1324 agro
257 1246 289 1301 et
321 1235 468 1323 argillam
496 1237 620 1300 cunctis
646 1236 688 1299 ad
715 1236 826 1300 vineas
855 1235 1029 1321 generibus
1057 1243 1263 1320 anteponunt,

146 1357 340 1421 quamquam
361 1337 580 1424 praepinguis,
608 1337 694 1421 quod
721 1337 880 1422 excipitur
900 1337 933 1401 in
955 1360 993 1402 eo
1014 1360 1141 1425 genere.
1174 1336 1265 1400 Invia

147 1460 215 1502 cem
245 1437 391 1503 sabulum
418 1438 527 1504 album
548 1439 580 1502 in
603 1437 766 1503 Ticinensi
789 1438 960 1522 multisque
982 1438 1015 1500 in
1036 1438 1115 1503 locis
1137 1437 1265 1522 nigrum

146 1535 289 1623 itemque
302 1538 446 1618 rubrum,
470 1539 567 1605 etiam
581 1540 694 1628 pingui
711 1550 815 1604 terrae
830 1539 1035 1625 permixtum,
1058 1538 1266 1603 infecundum

147 1651 205 1705 est.
228 1641 431 1728 Argumenta
453 1662 581 1725 quoque
603 1641 811 1706 iudicantium
833 1662 929 1725 saepe
951 1639 1075 1704 fallunt.
1106 1639 1180 1705 Non
1201 1638 1265 1703 uti·
1280 1656 1313 1700 aa

146 1761 209 1824 que
229 1742 351 1806 laetum
372 1740 474 1806 solum
498 1754 559 1821 est,
582 1744 615 1806 in
630 1764 694 1827 quo
709 1764 860 1827 procerae
882 1741 1013 1806 arbores
1035 1743 1149 1820 nitent,
1171 1763 1266 1827 prae·
1380 1792 1382 1798 .

147 1854 292 1926 torquem
311 1841 375 1907 illis
396 1843 573 1909 arboribus.
597 1842 686 1925 Quid
708 1845 792 1908 enim
813 1843 917 1909 abiete
931 1843 1115 1929 procerius?
1138 1855 1266 1926 atquae

147 1941 267 2008 vixisse
288 1943 390 2027 possit
410 1944 471 2008 aha
492 1945 526 2008 in
547 1945 618 2010 loco
640 1946 772 2010 eodem?
794 1945 862 2010 Neo
883 1946 1048 2010 luxuriosa
1061 1946 1179 2031 pabula
1193 1945 1266 2031 piu·

147 2045 222 2131 guis
244 2045 303 2109 soli
325 2065 453 2130 semper
474 2045 627 2111 indicium
648 2047 774 2112 habent.
797 2046 879 2111 Nam
902 2047 980 2130 quid
1002 2047 1161 2112 laudatius
1182 2043 1267 2111 Ger·

148 2144 273 2209 maniae
294 2146 444 2231 pabulis?
471 2160 503 2212 et
531 2150 635 2212 statim
664 2148 774 2213 subest
794 2147 914 2213 harena
937 2150 1121 2214 tenuissimo
1144 2147 1267 2234 caespi-

150 2259 217 2310 tum
240 2249 336 2313 cori0.
359 2246 430 2313 Nec
453 2271 580 2334 semper
601 2271 721 2333 aquosa
745 2261 795 2313 est
816 2261 901 2314 terra
923 2250 974 2315 eui
996 2251 1173 2336 proceritas
1194 2250 1267 2315 her·
1282 2263 1313 2310 ar

149 2347 273 2425 barum,
296 2371 370 2428 uon,
392 2349 564 2429 Hercules,
593 2351 695 2439 magis
715 2373 811 2434 quam
833 2351 963 2438 pinguis
985 2352 1161 2418 adhaerens
1184 2352 1268 2440 digi-

151 2450 203 2527 tis,
225 2450 313 2534 quod
334 2451 367 2515 iu
389 2452 509 2540 argillis
530 2453 686 2540 arguitur.
709 2450 848 2518 Scrobes
869 2453 999 2536 quidem
1012 2466 1140 2540 regesta
1162 2454 1269 2518 ineos

150 2551 238 2615 nulla
260 2552 397 2637 conplet,
410 2555 463 2617 'ut
490 2554 591 2620 densa
619 2567 714 2638 atque
736 2576 809 2618 rara
831 2553 980 2621 adhunc
1002 2555 1132 2619 modum
1154 2554 1269 2639 depre-

150 2652 247 2719 hendi
268 2653 383 2738 possit,
406 2654 553 2739 ferroque
576 2655 679 2719 omnis
700 2655 878 2742 robiginem
900 2655 1040 2720 obducit.
1070 2654 1140 2719 Nec
1161 2654 1270 2742 gravis

151 2764 207 2818 aut
227 2754 330 2819 levior
350 2755 435 2821 iusto
456 2756 708 2842 deprehenditur
728 2756 886 2842 pondere3
918 2755 1004 2840 quod
1032 2755 1115 2819 enim
1142 2755 1270 2840 pondus

153 2865 255 2920 terrae
287 2855 408 2921 iustum
440 2857 581 2946 intellegi
613 2859 740 2945 potest?
776 2857 890 2941 Neque
922 2856 1107 2922 fluminibus
1136 2857 1316 2943 adgestan

151 2977 279 3044 semper
310 2958 487 3036 laudabilis,
521 2958 649 3044 quando
682 2969 852 3025 senescunt
885 2970 953 3024 sata
984 2959 1142 3043 quaedam
1169 2981 1253 3042 aqua
1260 2984 1269 3037 ;

152 3057 209 3122 sed
239 3080 343 3142 neque
371 3059 425 3124 illa
451 3082 532 3143 quae
561 3061 709 3126 laudatur
736 3061 791 3125 diu
816 3073 1041 3146 praeterquam
1068 3061 1157 3126 salici
1184 3061 1271 3126 utilis

152 3157 297 3223 sentitur.
320 3159 408 3224 Inter
429 3172 619 3248 argumenta
640 3162 777 3248 stipulae
800 3162 978 3227 crassitudo
1000 3174 1058 3240 est,
1083 3174 1173 3227 tanta
1190 3163 1270 3227 alio-

153 3258 263 3342 quiin
284 3259 447 3328 Laborino
470 3260 667 3349 Campaniae
689 3262 788 3328 nobili
810 3287 922 3350 eampo
943 3275 980 3328 ut
997 3264 1075 3350 ligni
1091 3265 1161 3329 vice
1176 3276 1269 3330 utan-

186 3430 255 3491 §th
282 3432 356 3492 alunt,
369 3435 423 3485 Ian.
437 3437 580 3486 obsacritt.
593 3438 697 3486 inPliu.
710 3445 790 3486 natur.
803 3438 898 3502 histp.
913 3445 951 3488 16.
979 3438 1167 3497 aiuntDPad.
1194 3437 1270 3496 utiles,

152 3493 201 3562 βγ.
221 3539 252 3548 ..
271 3500 400 3564 admoveri
416 3497 488 3554 tad.
507 3503 640 3564 admonere,
651 3500 680 3565 β.
699 3545 731 3554 ..
753 3502 820 3566 solie,
832 3507 892 3555 DP.
909 3507 977 3566 satu,
989 3503 1082 3571 adssr.
1101 3548 1132 3556 -
1157 3505 1271 3558 Similiter

153 3565 305 3629 etfluminurn
317 3577 499 3635 stagnorumque
511 3572 606 3632 nebulis,
618 3573 650 3622 T.
670 3613 700 3621 ..
719 3578 768 3632 aut,
781 3575 841 3622 adr.
859 3580 888 3632 et,
901 3568 929 3633 β.
949 3614 979 3623 ..
998 3574 1144 3638 refrigerant
1155 3574 1272 3637 opacitate

152 3641 231 3696 aque,
242 3631 271 3696 β.
289 3638 422 3688 Meliorem
434 3641 664 3702 interpunctionem
675 3642 736 3689 dant
747 3642 812 3772 atis.
833 3681 862 3689 -
882 3639 984 3689 dicimus
997 3649 1036 3705 16,
1052 3648 1192 3693 lot-105.

186 3700 255 3761 §tn
274 3703 393 3767 faciliori,
405 3709 429 3756 d.
449 3748 479 3756 -
497 3707 572 3770 pulla,
585 3710 609 3758 d.
625 3707 706 3770 plura,
718 3723 740 3756 a.
756 3697 780 3775 ss
785 3704 842 3767 ulla,
854 3711 887 3758 D.
906 3710 938 3758 V.
952 3711 966 3772 §
979 3717 1019 3760 36.
1038 3752 1069 3760 ..
1093 3709 1196 3767 rubrica,
1208 3708 1270 3756 Bar-

153 3770 205 3818 bar.
225 3769 324 3830 lubrica,
338 3774 410 3824 Tad.
431 3815 461 3823 -
479 3774 656 3835 Albaneneium,
668 3792 688 3824 r.
708 3815 737 3823 ..
757 3775 1006 3840 Pompeianorumque,
1019 3793 1041 3826 a
1059 3778 1097 3828 At
1108 3792 1131 3826 v.
1144 3783 1168 3836 3,
1181 3781 1222 3824 49.
1239 3814 1270 3822 ..

153 3835 242 3896 uineas,
258 3831 327 3889 fiad.
346 3840 446 3902 cineam,
457 3838 485 3902 β.
506 3884 536 3892 -
560 3842 693 3903 ticiniensi,
707 3838 777 3892 θεὰ.

186 3910 255 3972 §aa
279 3924 435 3970 prooeroe,a.
460 3951 490 3959 ..
517 3911 634 3967 abuma.
659 3952 689 3959 -
713 3911 874 3974 praeerunt.
901 3953 924 3959 -
955 3922 1066 3975 atquae,
1083 3910 1272 3973 margoDalec.

152 3983 197 4022 aut
208 3991 278 4037 quae,
290 3971 386 4039 adssr.
405 4017 434 4026 ..
455 3977 533 4026 eodem
547 3977 603 4040 loco,
615 3982 639 4028 d.
660 4020 688 4027 -
709 3978 830 4038 strictim,
842 3979 897 4028 Da.
916 3988 939 4028 et
951 3989 1027 4028 tumen
1038 3979 1126 4037 atatim,
1139 3980 1154 4026 d
1161 3974 1212 4041 βγ.

187 4041 256 4102 §aa
282 4042 406 4104 Herculea,
418 4047 463 4093 ad.
482 4045 593 4107 Hercule,
604 4042 633 4106 β.
655 4087 683 4094 ..
703 4045 849 4108 reprehendi,
862 4063 884 4096 a.
907 4087 930 4095 -
954 4056 1003 4106 aut,
1015 4049 1057 4095 ad.
1076 4053 1155 4107 atque,
1167 4062 1186 4094 r.

187 4108 202 4169 ξ
215 4117 257 4160 28.
275 4109 368 4173 Neque,
381 4115 425 4161 ad.
444 4112 504 4173 Nec,
515 4110 567 4176 βγ.
583 4157 611 4162 -
630 4121 758 4171 renascunt,
771 4113 875 4164 Gesner.
888 4115 1021 4164 chrestom.
1033 4129 1058 4176 p.
1070 4119 1126 4163 552.
1145 4123 1272 4175 senucant,

153 4173 246 4243 adlit.
267 4219 297 4227 ..
320 4182 446 4242 aque,ad.
466 4222 496 4230 -
520 4181 664 4243 rancura.
687 4222 710 4228 -
735 4188 776 4241 eet,
790 4188 865 4241 tanta,
877 4198 900 4230 a.
923 4180 1109 4241 tantaert,Td.
1129 4223 1159 4232 ..
1183 4181 1276 4247 alioqui

154 4244 272 4304 in,'l'ad.
291 4244 405 4309 alioquin,
420 4239 449 4297 Θ.
468 4247 573 4311 alioquin
585 4248 616 4306 in,
628 4243 657 4310 β.
678 4288 707 4296 ..
726 4246 853 4307 Leborino,
868 4241 969 4297 Orac.
987 4246 1111 4309 Leborino,
1124 4267 1143 4300 r.
1170 4250 1236 4302 Cum
1248 4260 1274 4302 et
