2896 4792
419 291 489 336 nm.
504 290 565 336 xx.
594 286 673 336 cnr.
688 290 712 333 1.
728 286 764 333 11.
795 284 892 333 sacr.
908 288 965 329 s-c.
1188 268 1249 331 291

173 447 202 511 5.
234 441 331 509 Multi
367 441 479 508 eadem
518 439 625 505 omnia
662 434 772 503 sativis
810 435 1034 503 cucumeribus
1071 434 1252 502 attribuunt
1266 454 1296 499 to

129 544 240 635 magni
267 543 363 610 etiam
397 542 465 607 sine
493 541 533 605 iis
559 540 721 605 momenti.
759 536 905 622 Namque
933 547 963 604 et
993 559 1102 603 eonem
1130 559 1250 616 semen,

130 656 287 732 quantum
297 652 363 710 tres
377 641 470 730 digiti
485 637 764 727 adprehenderint,
776 661 849 705 cum
864 638 991 704 cumino
1001 639 1110 704 tritum
1121 646 1251 725 potum-

130 746 254 833 quein
280 746 356 811 vino
382 742 590 810 tussientibus
618 741 805 820 auxiliatur,
834 752 867 806 et
893 741 1082 827 phreniticis
1108 741 1143 806 iu
1168 743 1253 808 lacte

130 847 274 913 maberie
301 857 334 912 et
354 844 557 930 dysintericis
578 841 736 909 acetabuli
757 864 924 922 mensura,
951 842 1123 928 purulenta
1143 854 1253 908 autem

131 946 364 1036 exspuentibus
386 969 459 1012 oum
480 945 605 1012 cumino
627 944 698 1029 pari
720 939 864 1029 pondere
886 932 917 1008 et
937 944 1087 1010 iocineris
1109 944 1198 1010 vitiis
1218 946 1252 1010 in

130 1072 215 1136 aqua
235 1051 357 1127 mulsa3
384 1047 511 1113 urinam
532 1057 640 1111 movet
661 1067 701 1110 ex
723 1043 798 1110 vino
820 1045 906 1111 dulci
934 1056 966 1110 et
992 1044 1025 1109 in
1047 1045 1171 1111 renium
1194 1046 1251 1111 do-

130 1155 197 1220 lore
219 1144 412 1236 clysteribus
435 1147 530 1214 simul
551 1168 623 1211 oum
646 1146 773 1210 omnino
795 1144 985 1212 infunditur.

173 1257 203 1320 6.
224 1254 374 1341 Pe'pones
409 1246 465 1336 qui
486 1257 643 1315 vocantur
674 1247 865 1333 refrigerant
892 1268 1040 1314 maxume
1066 1250 1100 1312 in
1128 1249 1200 1316 cibo
1222 1260 1255 1316 et
1268 1265 1296 1309 ιι

131 1356 294 1424 emolliunt
308 1353 424 1420 alvom.
447 1350 532 1417 Caro
544 1371 654 1416 eorum
666 1348 830 1436 epiphoris
845 1348 1008 1414 oculorum
1019 1360 1078 1415 sut
1090 1350 1256 1417 doloribus

130 1457 312 1544 inponitur3
343 1451 438 1518 radix
460 1459 551 1516 sanat
571 1449 680 1515 ulcera
702 1459 852 1516 concreta
872 1448 907 1513 in
928 1449 1059 1514 modum
1085 1451 1149 1517 favi
1170 1472 1256 1536 quae

59 1612 60 1615 ,
131 1558 216 1625 ceria
237 1564 370 1631 vocant3
394 1552 507 1619 eadem
528 1550 687 1617 contrahit
706 1546 911 1627 vomitionem
935 1549 1074 1628 docetur
1096 1562 1128 1617 ct
1148 1549 1182 1616 in
1204 1553 1254 1616 fa-

130 1659 234 1724 rinam
256 1668 351 1722 tunsa
372 1655 468 1720 datur
488 1663 640 1738 quattuor
660 1650 762 1718 obolis
783 1651 818 1718 in
839 1670 923 1737 aqua
944 1651 1048 1719 mulsa
1074 1653 1120 1734 ita
1140 1649 1182 1717 ut
1197 1652 1256 1738 qui

131 1759 251 1827 biberit
272 1758 465 1845 quingentos
478 1776 594 1843 passus
615 1766 728 1840 postea
753 1753 910 1833 ambulet3
938 1753 1019 1820 haec
1039 1753 1144 1819 lamna
1166 1764 1199 1820 et
1219 1755 1254 1819 in

132 1870 310 1947 smegmata
324 1857 470 1923 adicitur.
494 1848 618 1924 Cortex
631 1876 762 1940 quoquc
775 1851 982 1922 vomitionem
996 1867 1115 1933 movet,
1138 1856 1254 1923 faciem
1269 1874 1299 1918 12

131 1970 265 2049 purgat3
293 1958 355 2025 hoo
377 1968 409 2024 et
434 1958 509 2024 folia
530 1955 759 2041 cuiuscumque
781 1957 875 2023 sativi
896 1956 998 2024 inlita.
1033 1957 1157 2025 Eadem
1179 1980 1254 2025 oum

130 2061 223 2128 melle
245 2072 278 2126 et
300 2059 504 2147 epinyctidas
533 2069 664 2137 sanant,
698 2080 771 2124 cum
792 2059 870 2125 vino
892 2060 982 2125 canis
1003 2078 1147 2138 morsus,
1174 2060 1253 2126 item

130 2162 342 2249 multipedam
371 2183 450 2248 sepa
471 2157 589 2227 Graeci
609 2171 736 2253 vocant,
759 2160 942 2248 oblongam,
972 2160 1086 2248 pilosis
1103 2160 1253 2249 pedibus,

130 2264 239 2349 pecori
260 2263 435 2349 praecipue
456 2262 619 2341 nocivam3
642 2282 784 2327 morsum
807 2271 914 2328 tumor
934 2262 1115 2347 insequitur
1136 2273 1171 2329 ct
1190 2286 1252 2351 pu·

131 2365 241 2432 tresoit
265 2365 367 2429 locus.
403 2363 481 2450 Ipse
508 2362 651 2429 cucumis
683 2361 780 2427 odore
808 2364 967 2428 defectum
995 2364 1093 2429 animi
1118 2364 1251 2430 refovet.

130 2571 201 2632 acca,
213 2569 312 2635 Appul.
330 2610 362 2619 ..
385 2582 426 2625 xx
437 2568 475 2630 X,
487 2568 559 2620 Brot.
584 2567 683 2629 XXX,
695 2570 741 2618 nd.
767 2567 835 2630 XX,
845 2584 866 2619 r.
891 2567 987 2631 DXX,
1003 2569 1100 2634 Apprl.
1127 2570 1205 2631 mun,
1217 2573 1251 2622 K.

132 2637 231 2702 tripictu
246 2635 405 2698 denariorum,
421 2630 451 2698 β.
471 2674 503 2686 ..
526 2652 594 2700 aquo
609 2634 675 2697 doto,
689 2636 787 2700 Appul.
806 2676 838 2685 ..
860 2645 939 2698 aanor,
952 2639 976 2687 d.
1002 2644 1079 2698 sonat,
1090 2637 1187 2702 Appul.
1210 2654 1251 2688 so-

130 2713 201 2766 nant,
217 2722 240 2755 a.
273 2704 361 2768 Vulgo
378 2699 447 2768 (βγ)
465 2700 565 2754 abhoc
586 2702 662 2753 verbo
681 2718 750 2753 nova
771 2704 890 2767 periodus
909 2705 1010 2770 incipit,
1033 2720 1080 2755 nos
1101 2702 1128 2755 id
1148 2715 1252 2770 propter

130 2779 271 2823 ceterorum
283 2773 417 2822 verborum
428 2773 576 2836 scripturam
588 2772 748 2821 emendatam
760 2773 794 2820 ad
801 2773 931 2836 superiora
937 2773 1078 2823 retulimus.
1091 2806 1123 2824 a.
1142 2780 1259 2838 tumores„

130 2843 202 2890 codd.
217 2839 273 2892 Gel.
290 2855 391 2901 umam,
403 2854 426 2889 a.
444 2837 560 2900 humores,
572 2841 596 2889 d.
614 2846 637 2887 et
648 2846 756 2900 tamam,
767 2834 818 2903 βγ.
837 2879 869 2890 ..
888 2839 956 2902 illito,
968 2840 1013 2889 ad.
1031 2838 1123 2902 illitum,
1134 2835 1157 2901 β
1161 2855 1187 2906 γ.

164 2911 179 2971 ξ
193 2914 233 2957 1ο.
260 2906 425 2968 mmmsrtbtu,
437 2907 534 2972 Appul.
558 2906 647 2958 Omitt.
659 2903 755 2971 αᾱβγς
773 2908 819 2957 sod
831 2922 915 2959 carere
927 2923 958 2958 es
969 2922 1032 2958 voce
1042 2923 1095 2958 non
1106 2923 1251 2972 possumus,

130 2976 190 3038 quia
201 2977 312 3026 narratio
330 2976 361 3024 do
377 2974 553 3025 cucumeribus
569 2990 646 3040 supra
657 2972 671 3035 §
684 2981 708 3024 3.
720 2974 840 3025 inchoate
850 2972 966 3040 pluribus
976 2977 1052 3026 rebus
1063 2976 1201 3028 interiectis
1213 2986 1251 3029 est
1328 3032 1341 3047 .

130 3044 277 3107 interrupta.
297 3083 328 3092 ..
351 3042 434 3107 moynt'
443 3042 514 3090 auam
525 3039 576 3090 sine
587 3042 608 3090 aa
619 3038 676 3105 (tis,
688 3041 763 3104 Td2)
784 3043 900 3106 manicati,
917 3045 991 3095 Tad.
1012 3041 1130 3108 Mannum
1143 3045 1213 3095 etiem
1225 3044 1251 3094 in

130 3111 163 3158 eis
174 3118 319 3172 onomaton,
330 3105 382 3174 βγ.
396 3150 427 3158 -
445 3109 520 3170 Nom,
531 3110 629 3175 Appul.
642 3150 674 3159 ..
692 3107 905 3173 adprehenderunt,
916 3110 1014 3176 Appul.
1034 3151 1062 3160 ..
1082 3126 1141 3173 cunr,
1152 3109 1250 3178 Appul.

130 3192 181 3224 oum
193 3177 226 3237 in,
238 3179 283 3226 ad.
302 3217 333 3225 ..
351 3175 508 3238 auxilientur,
520 3180 545 3227 (1.
564 3218 595 3226 -
614 3185 644 3239 et,
656 3178 693 3228 ad
705 3175 829 3243 (Appul.)
846 3177 890 3227 sed
900 3184 929 3241 et,
941 3173 993 3244 βγ.
1011 3220 1042 3228 -
1061 3179 1206 3244 neptrits‘ela
1216 3183 1250 3233 Κ.

130 3285 161 3292 ..
180 3242 330 3303 duinterr'cis,
342 3243 438 3306 Appul.
464 3245 606 3308 Exscrlpsit
617 3244 681 3294 hacc
691 3245 758 3295 Ptin.
770 3246 900 3297 Valeriam
913 3254 937 3308 t,
950 3252 990 3297 15.
1014 3288 1045 3296 -
1071 3247 1208 3308 cumbulis,
1224 3251 1250 3300 d.

130 3351 161 3359 ...
181 3310 321 3370 outem,ad.
339 3308 430 3372 aliqua,
441 3310 539 3375 Appul.
557 3351 589 3360 ..
604 3323 666 3374 pere
677 3309 823 3376 inpendere,
834 3314 933 3378 Appul.
952 3348 985 3364 ..
1007 3314 1106 3377 renitens,
1118 3330 1141 3366 a.
1159 3330 1250 3380 renm,

130 3372 202 3441 dssy.
222 3417 253 3425 ..
271 3391 330 3438 com,
343 3379 366 3427 d.
385 3378 476 3429 Ome.
495 3419 526 3427 ..
544 3377 644 3437 comino,
656 3392 680 3428 a.
703 3379 760 3441 vini,
773 3382 797 3430 (1.
816 3421 848 3430 ..
872 3378 1005 3444 infunditur
1016 3381 1046 3443 a',
1058 3385 1103 3433 ad.
1121 3385 1180 3434 Hoc
1190 3398 1250 3450 pro·

129 3459 225 3494 nomen
242 3453 326 3495 ortum
338 3460 393 3496 esse
405 3453 467 3510 puto
479 3459 512 3495 ex
524 3453 554 3507 et,
570 3447 607 3496 ita
617 3452 646 3496 ut
657 3455 715 3510 post
725 3447 793 3498 hanc
803 3450 924 3512 copulam
935 3450 1060 3499 nonnulla
1070 3451 1249 3504 interciderint

163 3515 178 3575 ξ
198 3518 236 3562 11.
267 3512 376 3576 Pepones
396 3519 522 3576 vocentur,
543 3528 566 3565 a.
600 3511 650 3571 Qvi
664 3528 769 3577 P⁶P⁰nes
788 3523 914 3578 vocantur,
936 3514 990 3566 Τὰ.
1022 3519 1165 3583 lescdpsit
1185 3517 1250 3571 haec

129 3578 335 3630 Plinvalerien.
349 3587 373 3643 4,
387 3585 426 3630 14.
450 3622 482 3630 -
508 3579 623 3642 molliunt,
639 3581 737 3646 Appnl.
760 3623 792 3632 ..
819 3580 906 3645 dolore,
921 3584 1020 3649 Appnl.
1042 3625 1075 3635 ..
1101 3600 1152 3636 cum
1169 3586 1249 3651 creda

129 3647 226 3710 Appul.
245 3688 277 3697 ..
295 3648 368 3710 camb,
379 3649 494 3711 Barbam,
507 3651 581 3699 codd.
595 3649 659 3711 cel,
672 3649 778 3714 Appul,
788 3651 856 3701 Plio.
868 3646 956 3703 Veler.
969 3658 993 3712 3,
1005 3658 1047 3703 22.
1064 3668 1139 3718 cerea,
1152 3657 1197 3705 ed.
1216 3696 1248 3706 ..

129 3713 254 3774 contrahit,
265 3714 370 3765 Barbar.
383 3732 406 3766 a.
428 3723 520 3779 contro,
533 3713 583 3779 (1β.
606 3718 640 3768 V.
652 3717 770 3768 Dioscor.
784 3721 808 3780 2,
821 3724 878 3769 168.
901 3727 944 3770 ..’
955 3717 1070 3786 simarum
1083 3723 1135 3772 boo
1144 3724 1249 3773 verbum

129 3783 163 3829 ad
174 3783 302 3844 superiora
313 3782 389 3832 refert
399 3780 434 3845 β;
451 3784 543 3835 rectius
554 3786 712 3850 interpunxit
722 3786 801 3837 Horti.
825 3828 856 3836 -
883 3794 914 3851 et,
930 3789 1013 3838 omitt.
1029 3791 1074 3839 ad.
1096 3830 1128 3840 ..
1147 3790 1249 3853 surina,

128 3851 173 3898 ad.
186 3889 217 3896 -
232 3843 290 3977 dm
301 3847 415 3912 addatur,
428 3853 452 3901 d.
466 3892 497 3900 -
515 3853 660 3917 quinpentos,
672 3868 695 3904 a
712 3852 779 3917 MD,
791 3854 845 3905 Td.
859 3894 890 3904 ..
905 3870 995 3919 possess
1004 3858 1149 3920 posteaad.
1164 3864 1251 3921 postea

126 3931 221 3978 imma
257 3930 283 3980 Γ·

164 3981 232 4042 ξ12.
251 3983 327 4046 solio,
340 3986 363 4033 d.
391 3983 531 4048 insolim.
554 4027 586 4036 -
609 3985 736 4050 altman.
760 3986 838 4052 illato,
849 3987 879 4052 β.
901 3991 980 4040 soffri.
992 3987 1062 4040 Illita
1073 3990 1162 4050 eudem
1173 4009 1193 4042 r.
1217 4033 1248 4044 ..

130 4049 311 4115 stepinyctidos
338 4043 442 4101 Orac.
468 4052 624 4118 epinyctidas,
639 4051 725 4117 β.-...
752 4057 819 4106 conis
829 4056 1103 4120 moreau,Plin.Valer.
1117 4067 1140 4123 4,
1155 4064 1194 4110 1⁶.
1218 4102 1244 4111 ..
1345 4084 1350 4089 ·

129 4116 280 4181 multipedae,
297 4087 397 4169 duno.
423 4116 653 4184 mammaeam.
666 4120 787 4190 Gelstr.
809 4166 841 4175 ..
868 4127 1049 4189 repo,Barbsr.
1066 4128 1119 4178 Τό.
1145 4143 1207 4192 sepa,
1220 4122 1248 4181 θ.

129 4181 618 4250 sepe,a.spea,fi.-nosiom,1(...
638 4188 770 4254 bauipse.
791 4190 905 4254 mmm,
916 4208 937 4242 r.
959 4190 1031 4242 tono.
1048 4193 1251 4257 Reficitoucrms's
1327 4220 1337 4230 -

130 4252 201 4303 odore
213 4251 316 4317 desectos
327 4253 414 4316 animo,
426 4256 459 4305 K.
479 4295 510 4305 ..
528 4254 624 4317 reform,
636 4257 732 4322 Appul.
750 4267 853 4320 revocat,
864 4260 897 4310 Κ.
916 4260 1005 4312 Omitt.
1018 4258 1113 4327 sdssr.

1028 4327 1045 4360 d*
