2896 4792
179 269 240 332 262
529 284 734 332 nannenus
756 285 952 333 merosus

178 436 341 524 graminis.
366 434 459 518 Quae
480 446 602 502 rectam
624 458 688 501 non
710 436 829 502 habent
850 437 990 503 radicem
1014 438 1121 503 statim
1142 440 1299 525 plurumis
1314 459 1347 504 aa

178 536 324 604 nituntur
345 536 588 623 capillamentis,
611 547 648 601 ut
670 537 806 624 atriplex
823 549 856 603 et
870 537 983 604 blitum
990 562 1000 617 3
1030 539 1118 606 scilla
1139 529 1246 608 autem
1269 554 1301 608 et

177 637 268 704 bulbi
291 649 323 704 et
345 660 441 724 cepae
456 648 489 703 et
504 637 601 703 alium
615 660 680 703 non
694 638 757 704 nisi
771 639 805 704 in
819 650 942 705 rectum
957 640 1152 726 radicantur.
1175 640 1300 728 Sponte

179 740 378 807 nascentium
392 739 550 825 quaedam
571 740 790 806 numerosiora
812 751 888 805 sunt
908 741 1017 807 radice
1038 764 1136 826 quam
1155 742 1242 823 folio,
1263 755 1301 808 ut

179 841 301 928 spalax,
323 841 509 928 perdicium,
531 863 671 908 crocum.
693 840 828 908 Florent
849 842 1017 908 confertim
1032 845 1218 930 serpyllum,
1241 845 1298 911 ha·
1315 861 1365 909 roo

178 941 357 1021 brotonum,
378 943 466 1028 napi,
487 941 635 1028 raphani,
658 952 775 1022 menta,
798 954 887 1020 ruta3
910 955 942 1010 et
963 956 1070 1010 cetera
1084 945 1213 1029 quidem
1225 968 1299 1013 cum

177 1067 323 1131 coepere,
347 1043 571 1121 deflorescunt,
592 1044 731 1110 ocimum
753 1054 859 1111 autem
880 1045 1096 1131 particulatim
1118 1058 1152 1113 et
1173 1047 1214 1112 ab
1235 1048 1299 1112 imo

178 1145 304 1232 incipit,
325 1168 390 1231 qua
412 1147 452 1211 de
474 1167 573 1211 causa
594 1144 774 1212 diutissime
794 1145 902 1224 floret;
925 1146 987 1213 hoo
1009 1158 1041 1212 et
1061 1147 1096 1211 in
1110 1148 1299 1235 heliotropio

178 1246 278 1313 herba
304 1248 420 1313 evenit.
455 1247 535 1312 Flos
557 1247 627 1314 aliis
650 1246 823 1326 candidus,
846 1247 919 1314 aliis
938 1248 1059 1327 luteus,
1082 1248 1154 1315 aliie
1175 1273 1299 1337 purpu-

178 1370 263 1414 reus.
299 1347 393 1414 Folia
422 1347 541 1414 cadunt
569 1370 589 1412 a
617 1347 836 1415 cacuminibus
863 1350 1011 1436 origano,
1044 1349 1151 1415 inulae
1180 1364 1214 1418 et
1244 1352 1299 1417 ali·

179 1449 310 1535 quando
337 1459 429 1514 rutae
457 1448 575 1514 iniuria
599 1450 720 1526 laesae,
749 1472 897 1516 maxume
925 1473 1064 1518 concava
1092 1462 1168 1516 sunt
1188 1474 1299 1539 cepae,

178 1549 309 1638 gethyo.

221 1652 273 1717 32.
302 1651 413 1717 Alium
442 1672 603 1737 cepasque
624 1651 709 1716 inter
730 1650 809 1717 deos
829 1652 865 1717 in
885 1652 1092 1718 iureiurando
1113 1653 1209 1720 habet
1230 1655 1297 1720 Ae·
1314 1667 1361 1712 101

178 1764 310 1841 gyptus.
343 1750 452 1839 Cepae
479 1773 598 1839 genera
624 1751 713 1838 apud
735 1749 878 1818 Graecos
909 1751 1032 1834 Sarda,
1068 1752 1299 1834 Samothracia,

87 1879 90 1883 ’
178 1853 347 1932 Alsidena,
371 1853 505 1931 setania,
529 1852 658 1931 schista,
680 1852 854 1919 Ascalonia
874 1853 916 1920 ab
937 1856 1057 1942 oppido
1078 1856 1218 1922 Iudaeae
1239 1878 1298 1921 no.-

178 1954 309 2019 minata.
333 1951 493 2020 Omnibus
516 1953 612 2018 etiam
633 1952 712 2020 odor
725 1954 913 2021 lacrimosus
928 1967 961 2022 et
971 1958 1145 2043 praecipue
1157 1957 1299 2044 Cypriis,

178 2054 319 2120 minume
335 2053 477 2131 Cnidiis3
498 2053 648 2121 omnibus
669 2075 788 2140 corpus
810 2066 913 2121 totum
935 2056 1169 2146 pinguitudinis
1189 2081 1300 2123 earum

179 2155 380 2242 cartilagine.
413 2155 444 2219 Ε
467 2155 592 2220 cunctis
615 2155 739 2221 setania
760 2155 917 2236 minuma,
948 2169 1084 2245 excepta
1104 2158 1298 2238 Tusculana,
1315 2169 1363 2216 1⁰2

178 2256 237 2322 sed
259 2257 376 2334 dulcis3
400 2256 517 2321 schista
539 2265 647 2322 autem
669 2267 702 2322 et
716 2256 892 2323 Ascalonia
914 2258 1124 2338 condiuntur3
1148 2257 1300 2324 schistam

179 2358 285 2424 hieme
306 2380 380 2423 cum
403 2379 493 2423 corna
515 2380 575 2423 sua
594 2357 763 2437 relincunt,
786 2381 861 2425 vere
886 2359 963 2424 lolia
983 2359 1164 2439 detrahunt,
1187 2371 1220 2424 et
1237 2359 1300 2424 alia
1336 2441 1339 2445 .

180 2457 415 2525 subnascuntur
435 2459 551 2525 iisdem
573 2459 736 2539 divisuris,
758 2460 845 2526 unde
867 2471 899 2525 et
920 2482 1051 2540 nomen3
1074 2461 1135 2527 hoc
1153 2461 1301 2547 exemplo

179 2561 312 2646 reliquis
333 2582 460 2646 quoque
482 2560 655 2647 generibus
677 2560 800 2626 dehahi
821 2560 950 2641 iubent,
976 2572 1014 2628 ut
1040 2563 1074 2627 in
1101 2563 1208 2649 capita
1228 2584 1299 2628 cre·

180 2672 270 2728 scant
292 2662 399 2749 potius
419 2684 517 2747 quam
537 2662 572 2728 in
595 2684 714 2729 semen.
747 2662 995 2729 Ascaloniarum
1017 2662 1147 2749 propria
1167 2670 1364 2742 natura310³

179 2763 297 2829 etenim
322 2765 410 2829 velut
445 2763 569 2827 steriles
600 2771 675 2826 sunt
703 2760 745 2826 ab
772 2761 882 2828 radice
909 2773 942 2828 et
970 2762 1012 2827 ob
1038 2762 1073 2826 id
1095 2763 1214 2829 semine
1237 2764 1300 2830 seri

178 2864 261 2943 illas,
282 2886 349 2931 non
371 2862 489 2950 deponi
510 2863 632 2928 iussere
656 2859 791 2942 Graeci,
813 2868 981 2950 praeterea
1001 2863 1104 2929 serius
1126 2863 1212 2929 circa
1232 2885 1299 2941 ver,

180 2988 253 3032 cum
274 2965 467 3053 germinent,
490 2962 674 3043 mansferri3
697 2964 744 3030 ita
764 2985 964 3032 crassescere
986 2975 1018 3030 et
1040 2974 1109 3029 tum
1124 2986 1301 3051 properare

151 3202 161 3210 κ
213 3175 282 3237 ξο0.
306 3165 484 3235 planderada
508 3212 539 3221 -
567 3170 673 3220 nitamur
684 3168 866 3235 capitanata,
886 3165 974 3223 Oacr.
1000 3168 1176 3236 capillamentis
1187 3168 1300 3229 nituntur,

72 3231 74 3236 ¹
180 3241 236 3291 Td.
249 3247 378 3288 nuscanum
386 3237 567 3304 capillamentis,
575 3234 626 3305 βγ.
639 3240 672 3289 V.
682 3239 828 3290 Schneider.
838 3242 871 3290 ad
880 3240 1013 3305 Theophr.
1022 3241 1083 3291 hist.
1091 3238 1269 3304 plemma,
1277 3241 1300 3288 7.

180 3347 212 3358 ..
223 3305 313 3368 hittun,
324 3322 346 3356 c.
359 3307 439 3367 bitum,
449 3310 493 3358 ed.
504 3347 535 3356 -
548 3322 627 3371 capae,
636 3307 673 3357 ita
680 3321 729 3357 nos
739 3308 891 3372 scripsimus.
903 3323 984 3372 coepe,
992 3302 1108 3371 acdssr.
1121 3306 1301 3357 hieracam

179 3375 288 3426 lormam
301 3391 355 3438 cepe
366 3378 434 3440 apud
446 3375 558 3425 Plinium
569 3389 692 3439 perquam
704 3375 807 3425 dubiam
819 3390 883 3436 esse,
895 3383 962 3426 certe
973 3376 1067 3426 talibus
1075 3375 1147 3431 locis,
1159 3372 1203 3424 ubi
1212 3386 1301 3435 cepam

180 3444 236 3493 aliis
248 3443 388 3506 coniungit,
401 3443 550 3506 plerumque
561 3457 667 3493 numero
680 3442 773 3506 plurali
786 3443 878 3504 uticum
890 3457 914 3493 v.
927 3449 952 3504 2,
966 3449 1005 3493 10.
1020 3447 1060 3502 19,
1075 3446 1130 3492 101.
1147 3478 1179 3490 ..
1198 3445 1221 3487 et
1231 3453 1301 3487 orum

180 3508 205 3558 in
216 3516 309 3558 acutum
322 3526 367 3558 non
379 3507 527 3570 radicantur,
539 3510 627 3561 Dalec.
645 3549 677 3560 -
696 3507 847 3569 reducuntur,
859 3510 902 3559 cd.
920 3549 952 3558 -
975 3515 1037 3569 eunt,
1050 3523 1101 3558 orn.
1114 3523 1136 3558 c.
1154 3545 1185 3554 -
1204 3501 1300 3567 patae,

179 3578 215 3629 ita
232 3593 280 3627 nos
297 3577 450 3641 scripsimus.
477 3575 557 3638 colar,
574 3592 616 3627 ac.
641 3573 726 3640 qaue,
743 3579 768 3627 d.
794 3575 907 3640 aepulas,
922 3571 974 3641 βγ.
1000 3571 1109 3632 ortella?
1122 3586 1209 3624 ornnes
1225 3571 1300 3620 codd.

179 3645 352 3708 Theophrasti
364 3647 382 3694 l.
395 3645 412 3694 l.
425 3645 445 3693 L
460 3650 483 3706 0,
497 3651 544 3705 11.,
557 3645 601 3694 ubi
613 3645 669 3695 edd.
679 3650 742 3695 antt.
751 3645 896 3694 habuerunt
907 3638 1044 3704 ἀσπάλαξ,
1055 3641 1199 3694 Schneider.
1212 3633 1299 3702 ἀσφό-

179 3707 261 3770 δελος
275 3713 380 3776 scripsit,
396 3727 472 3776 quem
488 3727 511 3761 v.
529 3713 561 3760 ad
577 3711 603 3761 h.
616 3714 634 3761 l.
652 3719 678 3761 et
688 3711 715 3760 in
726 3708 809 3761 indice
820 3711 953 3774 Theophr.
965 3725 985 3760 s.
997 3726 1021 3760 v.
1033 3705 1143 3766 σπάλαξ
1153 3724 1177 3772 p.
1191 3712 1248 3758 506.
1267 3746 1299 3755 -

177 3778 316 3843 perdicium,
328 3780 460 3843 Theophr.
477 3776 617 3841 perdicium,
629 3780 693 3829 acd.

89 3846 94 3855 ’
201 3849 228 3924 ᾗ
242 3854 298 3899 100.
324 3845 454 3910 confertim,
469 3847 536 3895 Bod.
553 3845 729 3908 adTheophr.
746 3845 805 3896 hist.
822 3845 902 3908 plaut.
915 3842 976 3895 VII.
989 3848 1014 3903 3,
1030 3849 1088 3906 l.p.
1102 3847 1158 3894 751.
1185 3840 1300 3904 cumfra-

179 3930 243 3973 aano,
260 3910 349 3975 acdfl.
374 3954 405 3963 ..
428 3913 628 3972 abrotonum,ac.
654 3906 867 3974 abrotanum,dss.
891 3952 921 3962 -
950 3910 1032 3960 atatim
1044 3909 1301 3974 efflorescant,Dalec.

180 4023 212 4031 -
231 3980 289 4031 Flos
305 3980 362 4030 aliia
376 3982 430 4041 rel,
447 3979 578 4043 rl'heophr.
594 3979 612 4029 l.
630 3981 647 4030 l.
660 3979 723 4030 vu.
735 3985 759 4039 8,
773 3986 796 4029 l.
820 4018 851 4028 -
879 3977 951 4029 Folio
966 3976 1057 4028 cadunt
1072 3980 1125 4038 rel,
1142 3979 1221 4028 habet
1237 3978 1302 4028 haec

133 4036 141 4047 ³
179 4051 285 4113 paulum
296 4057 394 4099 mutata
405 4047 502 4161 Appul.
514 4062 539 4111 p.
552 4053 610 4106 284,
623 4053 647 4095 4.
665 4086 697 4097 -
717 4045 811 4110 cethyo,
823 4061 847 4096 a.
864 4054 940 4111 petuo,
953 4049 977 4097 d.
993 4044 1080 4111 precia,
1092 4059 1113 4094 c.

213 4118 299 4180 §1⁰¹-
326 4113 417 4176 Sardo,
458 4114 523 4163 aed.
541 4111 643 4175 Sardio,
653 4109 704 4177 βγ.
718 4153 749 4162 -
766 4111 892 4175 Abidena,
904 4121 1052 4178 corruptum
1064 4113 1141 4163 hebet
1153 4112 1301 4163 Schneider.

180 4185 212 4234 ad
224 4184 355 4247 Theophr.
368 4184 385 4233 l.
399 4184 415 4232 l.
427 4181 490 4233 VII.
503 4187 528 4243 4,
543 4185 564 4231 7.
584 4222 615 4232 -
638 4183 719 4243 snam,
731 4181 775 4230 od.
798 4180 879 4242 sciria,
891 4195 914 4230 a
937 4222 969 4232 ..
998 4187 1070 4229 tom
1078 4195 1156 4242 poena
1169 4178 1301 4229 tunicarum

180 4249 328 4316 eortiquine,
340 4252 416 4311 Pina,
429 4251 497 4315 quod
510 4265 562 4300 non
573 4249 715 4314 improbare
726 4249 825 4319 videtur
836 4248 983 4302 Schneider.
995 4248 1014 4298 l.
1025 4248 1043 4297 l.
1069 4246 1181 4298 onnam
1192 4244 1300 4296 rodebam
