2896 4792
376 303 444 348 am.
462 301 536 348 xrx.
567 299 645 346 car.
662 300 698 346 11.
715 300 766 345 111.
795 299 893 344 anor.
913 301 947 341 u.
963 301 992 340 u.
1182 281 1245 346 ata

165 454 227 521 m.
250 455 301 519 12.
324 450 438 518 Simile
459 461 508 516 est
528 463 560 516 et
580 450 667 536 quod
687 450 721 514 in
742 447 925 534 Cyrenaica
944 448 1111 536 provincia
1128 459 1290 515 vocentee

123 556 217 641 misy,
240 555 449 642 praecipuum
479 552 637 618 suamtate
659 551 767 618 odoris
787 573 827 616 ao
846 552 973 636 saporis
990 551 1051 616 sed
1068 551 1244 631 carnosius,

123 667 156 723 et
176 656 264 742 quod
283 656 318 720 in
340 654 478 721 Thracia
497 652 566 718 iton
588 663 622 717 et
642 653 729 738 quod
750 652 785 716 in
807 649 945 717 Graecia
966 651 1131 740 geranion.

167 757 217 827 13.
239 757 293 823 De
315 753 483 820 tuberibus
503 754 582 819 haee
604 754 775 819 traduntur
796 753 1014 839 peculiariter:
1037 775 1110 819 curn
1127 754 1290 819 fuerinter

124 858 244 925 imbres
259 857 459 922 autumnales
481 877 519 921 ac
538 855 680 920 tonitrua
694 853 817 933 crebra,
840 865 917 920 tunc
935 854 1025 920 nasci
1047 865 1079 920 et
1095 877 1247 921 maxume

123 983 142 1029 e
164 957 345 1037 tonitribus,
367 979 428 1024 nec
447 957 532 1022 ultrs
549 979 668 1022 annum
687 957 815 1035 durare,
840 955 1011 1022 tenerrima
1023 968 1133 1022 sutem
1147 979 1247 1024 verno

123 1083 204 1128 esse.
228 1059 433 1144 Quibusdam
451 1058 530 1125 locie
544 1069 677 1144 accepta
690 1057 794 1144 riguis
808 1057 966 1137 feruntur,
975 1057 1065 1123 sicut
1078 1056 1248 1143 Mytilenis

123 1174 244 1252 negant
269 1161 359 1226 nasci
384 1160 447 1225 nisi
473 1161 688 1227 exundatione
713 1159 882 1225 fluminum
907 1159 1035 1225 invecto
1062 1159 1185 1224 semiue
1206 1159 1248 1226 ab

123 1262 248 1338 Tiaris3
271 1273 320 1327 est
334 1272 441 1327 autem
455 1261 484 1326 is
505 1261 608 1339 locus,
628 1261 663 1325 in
683 1282 748 1346 quo
768 1261 918 1347 plmume
937 1271 1123 1326 nascuntur.
1145 1260 1249 1328 Asiae

110 1362 321 1431 mobilissima
347 1362 432 1428 circa
460 1362 678 1447 Lampsacum
705 1373 738 1427 et
759 1362 1056 1448 Alopeconnesum,
1091 1359 1249 1427 Graeciae

123 1487 200 1532 vero
221 1465 306 1531 circa
327 1463 423 1529 Elim.

166 1567 217 1631 14.
241 1563 328 1631 Sunt
348 1575 380 1630 ct
400 1564 434 1630 in
455 1566 628 1652 fungorum
647 1586 766 1652 genere
780 1564 918 1632 Graecis
942 1565 1019 1632 dicti
1039 1564 1172 1650 pezicae
1189 1565 1249 1651 qui
1261 1583 1294 1628 os

124 1668 194 1732 eine
214 1666 324 1732 radice
343 1677 402 1731 aut
422 1665 571 1750 pediculo
592 1677 778 1732 nascuntur.

167 1768 218 1833 15.
246 1768 301 1833 Ab
321 1767 373 1832 his
394 1789 586 1852 pmxumum
607 1767 733 1832 dicetur
754 1767 944 1832 auctoritate
968 1766 1179 1832 clarissimum
1200 1766 1248 1832 la·

125 1867 297 1953 serpicium
323 1867 410 1951 quod
432 1865 552 1933 Graeci
579 1868 719 1953 silphion
746 1880 879 1947 vocant,
910 1867 944 1933 in
968 1865 1150 1954 Cyrenaica
1171 1890 1248 1955 prc-

123 1968 228 2034 vincia
257 1978 436 2053 repertum,
468 1968 560 2034 cuiue
585 1991 700 2033 sucum
726 1969 812 2035 laser
833 1980 964 2049 vocant,
985 1970 1193 2059 magnificum
1213 1971 1249 2037 in

123 2093 186 2135 usu
200 2069 505 2153 medicamentisque
522 2080 555 2134 et
574 2069 617 2135 ad
630 2070 757 2156 pondus
772 2071 918 2157 argentei
939 2071 1050 2137 denari
1064 2093 1248 2158 repensum.

123 2170 239 2238 Multis
259 2173 324 2236 iam
344 2171 438 2236 anuis
458 2171 493 2235 in
514 2194 554 2236 ea
576 2180 661 2236 terra
682 2194 746 2237 non
767 2173 946 2251 invenitur,
969 2174 1120 2258 quoniam
1140 2174 1248 2260 publi·
1262 2191 1293 2235 aa

124 2273 195 2339 cani
217 2271 273 2357 qui
300 2294 420 2357 pascua
452 2272 636 2337 conducunt
654 2273 760 2339 maius
781 2274 827 2338 ita
847 2274 971 2340 lucrum
996 2277 1169 2342 sentientes
1190 2276 1249 2342 dc·

122 2373 320 2459 populantur
339 2393 492 2456 pecorum
505 2371 634 2458 pabulo.
656 2373 751 2438 Unus
771 2376 902 2439 omnino
924 2376 1028 2440 caulis
1048 2387 1158 2441 nostra
1179 2398 1247 2442 me·

123 2473 224 2538 moria
244 2482 393 2556 repertus
413 2471 536 2536 Neroni
557 2473 693 2558 principi
715 2475 833 2539 missus
853 2486 914 2540 est.
938 2472 976 2539 si
991 2475 1120 2559 quando
1135 2477 1249 2541 incidit

124 2595 226 2658 pecus
248 2571 280 2635 in
305 2594 394 2659 spem
417 2572 591 2651 nascentis,
614 2572 673 2638 hoc
695 2573 944 2659 deprehenditur
967 2575 1070 2664 siguo,
1094 2599 1152 2640 ove
1174 2599 1247 2642 cum

123 2749 169 2883 pp.
193 2761 392 2884 ,macerantem
410 2757 466 2804 aed
486 2751 609 2818 (Appul.)
637 2760 776 2816 nascuntur,
794 2770 814 2803 r.
839 2795 870 2804 ..
894 2754 1000 2818 possint,
1018 2756 1081 2806 eod.
1107 2763 1248 2819 poseant‚r

162 2837 254 2886 Pru·-

156 2913 171 2975 ξ
183 2920 224 2965 36.
241 2889 310 2975 miri,
323 2913 419 2977 Appul.
440 2914 501 2979 aisy,
512 2915 617 2965 Barbar.
629 2929 643 2964 c
654 2916 729 2965 codd.
751 2914 860 2979 Sumpta
871 2915 935 2967 hoec
946 2923 1006 2966 sunt
1017 2917 1105 2966 omnia
1115 2924 1150 2967 ex
1159 2915 1246 2966 Thec-

123 2981 225 3045 phrasto
237 2997 277 3045 sp.
289 2982 386 3032 Athen.
400 2988 461 3047 21).
475 2987 515 3032 62.
527 2981 618 3033 A-c.
637 3022 669 3032 ..
688 2979 766 3042 cdere,
778 2998 872 3046 sapere,
883 2999 903 3033 r.
923 3023 954 3033 -
974 2981 1055 3045 neda,
1068 2998 1089 3032 c.
1108 2981 1246 3042 descend.

124 3088 156 3099 ..
174 3049 223 3097 iton
239 3056 262 3097 et
277 3045 342 3112 qaod
356 3047 381 3097 in
400 3048 517 3110 Graecia,
533 3050 629 3114 Appul
648 3049 737 3101 Omitt.
754 3053 808 3101 aed
826 3048 913 3113 (codd.
926 3049 1034 3103 salman
1049 3066 1132 3101 exere
1149 3067 1174 3116 p.
1186 3056 1245 3103 498.

122 3117 148 3165 b.
159 3116 205 3179 B.)
216 3110 245 3176 β.
260 3156 290 3166 ..
306 3114 431 3180 paratino,
443 3119 523 3168 codd..
529 3117 643 3178 Barbari,
654 3118 752 3182 Appul.
770 3118 888 3178 watien,
901 3120 926 3169 d.
944 3119 1045 3180 emaum,
1057 3136 1080 3169 a.
1097 3135 1246 3180 cesraranro,

123 3196 145 3232 c.
161 3182 291 3231 cerononio
301 3184 342 3232 vel
354 3183 487 3245 ceordaic,
500 3186 572 3235 codd.
585 3184 693 3236 Salmas.
711 3185 845 3247 eoraranio,
860 3178 889 3237 θ.
907 3186 1051 3246 manniam,
1062 3181 1092 3249 β.

157 3249 225 3309 §37.
251 3252 363 3308 aeacd.
390 3258 440 3311 aut,
456 3253 552 3316 Appul.
572 3293 602 3301 -
629 3251 765 3314 maximum,
782 3255 845 3302 aed.
865 3290 896 3302 -
923 3269 940 3302 a
956 3253 1089 3315 tonitribus,
1104 3255 1193 3304 Dalec.
1213 3294 1245 3307 ..

122 3324 222 3380 accepta
233 3316 317 3379 niquis,
333 3319 407 3367 codd.
421 3318 477 3368 Gel.
503 3326 623 3383 acceptam
641 3319 764 3383 turrique,
781 3335 824 3369 ac.
850 3329 949 3384 occepta
966 3321 1087 3387 turrique,
1101 3325 1124 3372 d.
1150 3321 1176 3373 in
1188 3321 1246 3371 locis

122 3390 220 3448 accepto
232 3391 321 3431 tantum
334 3383 417 3447 ripaeis,
430 3387 496 3436 Pint.
516 3427 546 3435 ..
565 3385 673 3447 invectos,
686 3388 729 3435 cd.
749 3428 780 3435 -
802 3388 833 3435 ab
847 3387 940 3450 Tiaris,
953 3389 1056 3440 Barbar.
1068 3405 1111 3439 ac.
1134 3389 1245 3452 aptitari,

122 3455 146 3501 d.
166 3492 196 3500 -
216 3448 260 3511 bie,
273 3452 335 3501 acd.
356 3492 386 3501 ..
405 3467 435 3500 ae
446 3468 508 3514 vero,
521 3456 544 3503 d.
557 3493 589 3505 ..
608 3451 684 3515 Elim,
697 3453 829 3518 Theophr.
842 3470 882 3519 ep.
896 3455 991 3506 Athen.
1005 3462 1028 3506 2.
1041 3471 1065 3520 p.
1079 3461 1119 3507 62.
1132 3457 1161 3508 0.
1180 3454 1245 3520 olim,

122 3521 165 3568 ed.
184 3517 303 3582 olimpum,
314 3533 337 3568 a.

155 3589 224 3651 §³⁸-
248 3586 348 3649 peaeitoe,
363 3586 444 3637 Turn.
455 3588 513 3636 adv.
529 3592 568 3649 10,
581 3592 622 3638 20.
641 3628 672 3637 -
696 3595 745 3650 aut,
758 3590 822 3638 aed.
845 3595 874 3650 et,
886 3604 906 3638 r.
924 3628 957 3638 ..
976 3587 1134 3655 laserpicium,
1145 3590 1244 3656 Appul.

122 3651 279 3716 laserpitium,
295 3649 408 3719 acdssr.
434 3654 466 3703 In
483 3655 627 3705 universum
643 3671 667 3704 v.
679 3656 811 3720 Theopbr.
829 3656 887 3706 hist.
899 3656 978 3721 plant.
991 3657 1039 3708 Vl
1050 3664 1075 3709 n.
1088 3667 1114 3708 et
1125 3660 1244 3710 Dioscor.

122 3725 146 3778 3,
159 3727 199 3770 84.
218 3761 249 3770 -
267 3719 394 3786 sibiipsae,
406 3722 503 3786 Appul.
520 3721 617 3786 eiriplsi,
628 3725 674 3773 sd.
691 3721 792 3788 syrapti,
803 3738 827 3772 c.
840 3764 871 3773 ..
886 3723 1022 3786 provincia,
1035 3740 1085 3776 om.
1098 3726 1195 3790 Appnl.
1212 3767 1243 3777 -

121 3802 213 3848 socam,
225 3803 261 3837 ac
271 3788 396 3853 (Appul.)
418 3805 500 3850 naue,
512 3791 564 3840 Td.
584 3831 615 3839 -
634 3789 697 3838 laser
713 3799 804 3852 vocant,
820 3805 863 3840 se.
886 3789 950 3841 laser
963 3801 1068 3855 uocatur,
1085 3795 1102 3842 d
1116 3791 1244 3858 (Appnl.)

121 3862 218 3903 socomr
229 3854 299 3918 laser,
312 3857 343 3906 Τ.
366 3865 450 3904 vocent
462 3856 532 3919 lasa,
544 3853 594 3922 βγ.
613 3898 645 3907 ..
667 3874 741 3920 mm,
753 3861 817 3910 aed.
836 3899 868 3909 ..
890 3857 1118 3923 medicamentuque,
1130 3875 1172 3910 sc.
1194 3876 1243 3910 me-

122 3919 260 3970 dicamentis
276 3922 345 3986 quod,
362 3927 386 3973 d.
405 3963 437 3972 -
460 3931 490 3985 et,
508 3940 559 3975 om.
578 3926 686 3977 Salmas.
704 3942 787 3977 exerc.
804 3932 899 3991 p.261.
916 3929 941 3977 b.
957 3929 991 3978 D.
1010 3968 1041 3977 -
1059 3927 1175 3992 arpenni,
1186 3931 1243 3981 aod

121 3985 245 4053 (appu.)
262 3991 364 4055 aaut.
375 3987 426 4055 dr·
445 4030 477 4068 ·.·
494 4007 623 4070 repansum,
634 3995 732 4058 sppu
747 4009 854 4058 penum,
866 3990 977 4060 serry.

152 4059 169 4120 ᾗ
182 4063 222 4107 89.
241 4073 270 4106 en
281 4074 310 4106 ec
322 4065 387 4107 terro
397 4073 444 4105 noo
455 4057 581 4121 snvsbtua
593 4062 644 4115 Tit.
656 4063 721 4111 loce.
731 4070 846 4114 controv.
859 4069 882 4123 8,
895 4069 936 4113 24.
948 4072 975 4113 et
984 4063 1134 4113 assertione.
1146 4078 1171 4127 p.
1186 4068 1242 4116 tta.

120 4122 244 4174 renitatur
261 4125 293 4175 ab
309 4126 402 4176 Yvoue
417 4125 570 4176 Villiosnsro
587 4143 613 4190 p.
631 4132 678 4179 1⁵⁷
697 4144 750 4193 seq.
774 4169 805 4180 ..
831 4129 883 4190 ita,
900 4145 951 4180 cm
970 4130 1067 4194 Appul.
1084 4146 1110 4194 p.
1127 4135 1185 4182 m.
1209 4172 1241 4185 ..

120 4191 234 4239 monceio
250 4199 363 4255 repertus,
381 4193 444 4244 scd.
471 4193 608 4271 masmim
622 4203 736 4258 repertun,
751 4197 850 4261 Appal.
876 4203 983 4260 repertas
997 4197 1118 4258 nemin,
1134 4193 1185 4264 βγ.
1209 4239 1241 4251 ..

121 4255 171 4318 loc,
183 4261 228 4308 ed.
245 4266 309 4320 cata,
320 4274 342 4308 c.
361 4297 392 4309 ..
410 4258 596 4323 reprebendatur,
608 4262 704 4325 Appnl.
1019 4329 1037 4362 e
