2896 4792
197 260 260 325 270
548 272 751 320 annuarum
774 271 969 320 maronias

197 427 343 494 bratione
365 422 586 489 amaritudinis
609 422 809 510 appellavere
831 423 964 510 picrida.
989 422 1051 487 Est
1066 422 1241 488 etiamnum
1255 424 1318 490 alia

197 527 359 593 distinctio
392 525 484 591 albae
521 546 603 608 quae
631 525 758 607 aquari<
784 534 917 590 vocatur
943 547 962 588 a
991 524 1086 609 copia
1106 523 1198 590 lactis
1221 548 1317 611 sopo-

196 629 312 708 rifera,
347 648 540 712 quamquam
568 646 679 691 omnes
706 647 853 691 somnum
879 647 992 712 parere
1015 625 1203 703 credantur3
1231 628 1320 713 apud

197 731 347 815 antiquos
369 728 483 793 Italiae
503 727 566 791 hoc
588 726 690 791 solum
718 748 822 814 genus
850 749 961 792 carum
982 726 1043 790 fuit
1070 737 1103 791 et
1123 727 1195 793 ideo
1214 728 1319 793 lactu-

197 853 253 897 cae
275 830 315 896 iis
341 828 436 895 lactis
462 828 591 893 nomine
619 826 736 892 diotae.
771 827 974 913 Purpuream
1003 818 1171 894 maxumae
1199 830 1320 894 radicis
1334 841 1385 890 127

197 930 411 999 Caecilianam
432 939 565 1006 vocant,
587 924 757 993 rotundam
778 951 856 994 vero
876 951 915 994 ac
929 928 1077 994 minuma
1097 929 1221 1009 radice,
1243 931 1319 997 latis

195 1032 278 1098 foliis
302 1033 441 1095 dorcada
463 1030 656 1115 quidamque
679 1030 869 1114 εὐνουχεῖον,
892 1030 1041 1114 quoniam
1064 1029 1142 1096 haec
1169 1054 1319 1098 maxume

196 1132 433 1221 refrigerandae
453 1131 564 1196 veneri
587 1141 646 1196 est.
676 1128 739 1195 Est
760 1130 891 1214 quidem
913 1142 1029 1196 natura
1051 1132 1199 1198 omnibus
1221 1133 1317 1198 refri-

153 1264 156 1271 ·
197 1235 339 1322 geratrix
361 1243 393 1298 et
413 1231 486 1297 ideo
508 1241 631 1296 aestate
653 1231 775 1317 gratia3
799 1231 961 1298 stomacho
983 1232 1148 1297 fastidium
1169 1235 1319 1299 auferunt

196 1336 324 1419 cibique
347 1333 562 1420 adpetentiam
589 1331 718 1396 faciunt.
751 1330 856 1398 Divos
882 1344 967 1397 certe
994 1334 1165 1419 Augustus
1192 1336 1385 1400 lactucam

197 1445 402 1503 conservatus
431 1434 464 1498 in
492 1432 694 1518 aegritudine
722 1432 825 1498 fertur
852 1434 1024 1520 prudentia
1045 1434 1163 1500 Musae
1191 1436 1319 1515 medici,

196 1561 269 1604 cum
289 1537 406 1624 prioris
430 1534 469 1601 C.
484 1534 604 1600 Aemili
620 1534 733 1620 religio
755 1534 853 1599 nimia
875 1557 945 1600 eam
966 1547 1117 1623 negaret,
1138 1537 1172 1600 in
1194 1547 1319 1602 tantum

195 1650 325 1726 recepta
351 1635 617 1703 conmendatione
649 1647 687 1701 ut
713 1635 833 1701 servari
862 1636 958 1701 etiam
985 1637 1019 1701 in
1046 1638 1164 1703 alienos
1192 1661 1319 1704 menses

196 1758 251 1807 eas
266 1739 406 1824 oxymeli
420 1748 487 1803 tum
501 1747 662 1823 repertum
682 1736 741 1812 sit-3
765 1736 953 1824 sanguinem
970 1759 1097 1823 quoque
1112 1761 1232 1825 augere
1248 1761 1317 1805 cre-

196 1841 325 1906 duntur.
349 1838 412 1904 Est
433 1837 605 1903 etiamnum
627 1859 710 1921 quae
724 1847 859 1902 vocatur
880 1837 1011 1923 caprina
1034 1839 1169 1918 lactuca,
1192 1841 1233 1906 de
1254 1863 1320 1925 qua

196 1941 340 2007 dicemus
354 1940 438 2005 inter
451 1939 609 2016 medicas3
632 1947 664 2002 et
685 1959 759 2003 ecoe
781 1960 854 2004 cum
876 1961 1024 2006 maxume
1046 1941 1151 2026 coepit
1171 1940 1318 2028 inrepere

226 2142 341 2209 pica'da'a,
350 2148 414 2196 aod.
453 2145 459 2157 '
473 2145 541 2202 acia.
549 2145 646 2209 Appul.
656 2185 688 2194 ..
700 2143 777 2206 albae,
786 2143 893 2196 Salmas.
904 2161 985 2196 exerc.
997 2163 1022 2212 p.
1032 2152 1090 2198 896.
1099 2148 1124 2197 b.
1133 2149 1162 2198 F.
1171 2163 1204 2198 ex
1213 2147 1320 2212 Appen,

196 2214 240 2278 qni
252 2211 345 2261 lactuca
356 2213 413 2262 albu
449 2161 525 2262 idol
526 2207 543 2260 I
544 2209 565 2261 0
572 2219 671 2260 uocatur
681 2212 766 2262 hebet
784 2219 861 2275 atrae,
871 2208 983 2278 acdssy.
993 2255 1024 2264 ..
1037 2214 1145 2276 amonis,
1155 2217 1197 2266 cd.
1215 2215 1321 2275 micantia,

196 2297 219 2330 a.
239 2281 360 2332 Graecam
379 2282 528 2345 scripturam
542 2293 575 2329 ex
588 2280 718 2343 Appuleio
735 2280 841 2330 restitui.
859 2321 891 2330 -
912 2281 1053 2345 soporifera,
1066 2283 1162 2347 Appul.
1185 2281 1321 2346 soporiferi,

197 2342 286 2413 acssy.
304 2348 441 2413 soporifera,
450 2349 475 2397 d.
489 2386 519 2396 ..
537 2363 649 2408 romaum,
661 2347 757 2412 Appnl.
770 2348 891 2408 somatum,
903 2352 965 2400 aed.
979 2391 1010 2398 -
1024 2348 1158 2411 medeatur,
1170 2367 1183 2400 r
1194 2347 1320 2414 (Appul.)

197 2414 331 2477 creduntur,
348 2411 459 2478 acdssy.
479 2455 510 2463 -
529 2412 635 2463 lactucae
651 2413 682 2462 iis
699 2413 977 2476 accommodatae,
995 2418 1031 2466 ita
1045 2433 1092 2467 nos
1105 2419 1257 2481 scripsimus.
1283 2416 1320 2466 la·

197 2482 269 2532 atacis
280 2499 361 2531 nomen
373 2480 487 2543 adiectae,
499 2498 522 2532 a.
545 2480 643 2530 hactucti
653 2497 735 2530 nomen
746 2481 826 2541 atate,
839 2497 861 2532 e.
885 2499 966 2532 nomen
978 2481 1074 2534 lactucis
1085 2483 1183 2544 eiectae,
1196 2488 1219 2535 d.
1237 2501 1320 2533 nomeu

197 2549 296 2600 hctucss
307 2548 422 2612 adiectae,
434 2551 465 2600 T.
489 2548 578 2598 alacte
590 2547 696 2598 lactucae
708 2547 794 2611 dictae,
806 2550 903 2615 Appul.
927 2549 1033 2603 lactucae
1048 2567 1130 2600 acmen
1146 2551 1255 2615 adeptae,
1266 2547 1318 2617 βγ.

196 2616 232 2668 Tu
247 2620 263 2668 i.
277 2634 298 2668 e.
316 2619 426 2682 antiquis
442 2617 544 2677 Italiam
567 2632 662 2668 nomen
679 2615 747 2666 acra
763 2618 887 2668 abolitum
901 2635 946 2683 per
961 2621 1116 2670 vicinitatem
1128 2621 1196 2670 vocis
1207 2618 1319 2682 lactucis3

196 2686 293 2804 locgtio
311 2684 379 2734 hictu
395 2684 486 2734 minae
502 2684 569 2736 idem
586 2685 719 2748 significat,
736 2687 919 2750 quodpropter
934 2685 978 2736 lac
1005 2688 1067 2738 Alia
1078 2688 1240 2738 coniecerunt
1250 2689 1320 2738 Pint.

197 2762 223 2804 et
254 2755 343 2804 almas.
1071 2797 1074 2801 ,

231 2823 246 2885 5
260 2823 316 2871 rat.
338 2819 458 2870 maximae
469 2817 565 2881 radicis,
577 2821 621 2869 ad.
644 2819 763 2868 maximae
777 2817 905 2882 radicibus,
917 2835 939 2870 c.
962 2819 1062 2868 maxime
1073 2821 1200 2883 radicibus,
1215 2816 1244 2872 θ.
1267 2838 1320 2871 ma-

196 2888 258 2938 xime
269 2887 371 2951 radices,
382 2888 479 2953 Appul.
499 2927 528 2936 ..
551 2884 698 2947 Caelianum,
710 2888 753 2951 Ap
772 2887 807 2936 ul.
827 2928 857 2937 ..
881 2885 995 2952 artytida
1008 2888 1115 2940 Salmas.
1128 2905 1209 2940 exerc.
1223 2906 1246 2953 p.
1260 2893 1319 2941 897.

198 2973 221 3007 a.
231 2956 263 3008 G.
275 2965 301 3005 et
309 2957 430 3005 Bochart.
442 2955 535 3004 hieroz.
550 2960 572 3004 1.
585 2969 610 3017 p.
620 2960 677 3004 603,
695 2948 738 3002 ΛΑ
769 2947 884 3014 ΤΥΛΙΕ,
898 2955 1003 3019 Appul,
1015 2958 1082 3005 unde
1094 2972 1142 3020 ego
1155 2957 1265 3008 Graecas
1277 2959 1320 3007 lit·

197 3031 264 3074 taras
272 3024 382 3087 reposui.
400 3018 506 3081 aulida,
516 3022 559 3070 cd.
576 3018 686 3080 artilt'da,
695 3036 719 3069 a.
736 3018 849 3086 cotylae,
858 3016 888 3083 β.
900 3023 939 3072 At
950 3024 981 3071 de
992 3025 1100 3087 astylids
1112 3025 1137 3074 h.
1147 3026 1164 3074 l.
1174 3041 1320 3075 sermonem

198 3104 253 3141 essa
264 3105 319 3139 non
328 3103 404 3154 posse
416 3090 510 3138 docent
520 3088 616 3138 Athen.
628 3093 651 3138 2.
663 3105 687 3152 p.
699 3094 739 3138 69.
749 3088 778 3139 G.
787 3096 813 3139 et
824 3104 857 3139 ex
869 3104 899 3140 eo
908 3090 1026 3140 Eustath.
1038 3093 1072 3139 ad
1080 3092 1158 3141 Hom.
1168 3093 1198 3141 ΙΙ.
1208 3108 1232 3154 p.
1245 3099 1319 3153 1288,

199 3163 240 3208 2⁸.
256 3157 553 3220 cumGeopon.12‚18.
574 3196 604 3204 -
628 3153 822 3218 euuucleoacd.
846 3155 992 3218 camaeleon,
1005 3175 1027 3208 a.
1056 3152 1319 3222 ΕΦΥΝΘΥΧΕΙΟΝ,

198 3225 309 3288 Apan,
327 3226 394 3274 unde
410 3232 436 3273 et
451 3222 477 3272 h.
489 3223 507 3272 l.
523 3221 633 3274 Graecas
648 3224 745 3274 litteras
760 3225 870 3288 reposui.
897 3223 1033 3285 euauclbrt,
1050 3229 1122 3277 codd.
1135 3228 1251 3289 Barbari,
1266 3222 1318 3291 βγ.

199 3290 329 3352 eunuchus,
346 3292 390 3342 alii
406 3292 479 3341 codd.
491 3291 606 3341 Barbari.
627 3331 657 3340 ..
684 3289 789 3354 quidam,
806 3293 903 3357 Appnl.
927 3335 958 3342 -
987 3293 1168 3358 rdriqaandae
1184 3294 1263 3343 ceneri
1277 3301 1319 3357 eet,

199 3360 296 3424 Appul.
313 3375 339 3423 p.
355 3365 413 3410 280.
442 3359 577 3424 resraqetur
593 3356 679 3421 veneri,
696 3355 788 3424 adstr.
817 3361 979 3426 resraqeretur
994 3360 1081 3422 venai,
1097 3377 1118 3412 c.
1142 3403 1172 3411 ..
1198 3361 1320 3427 9να1ἰα,ο

199 3423 323 3491 (Appul.)
338 3425 428 3492 precia,
439 3443 463 3476 a.
479 3433 560 3491 prata,
573 3429 597 3476 d.
614 3435 706 3491 pratae,
717 3423 767 3491 βγ.

234 3497 249 3558 ξ
262 3499 319 3545 128.
337 3503 404 3553 certe,
416 3495 513 3558 Appnl.
531 3501 615 3555 ccrtua,
627 3497 690 3545 aad.
704 3536 734 3545 -
753 3495 883 3560 nauca,
895 3495 976 3546 omitt.
989 3496 1046 3545 aed
1058 3492 1182 3560 (Appul.)
1195 3537 1225 3545 ..
1239 3495 1320 3559 provi-

200 3559 289 3623 deatia
301 3580 320 3612 r.
340 3603 370 3611 ..
393 3561 488 3623 Musae,
501 3577 551 3612 om.
564 3563 661 3626 Appul.
680 3603 712 3612 ..
734 3578 793 3623 cum,
806 3578 847 3614 ac.
870 3561 1056 3623 iudicium‚'l'd.
1077 3603 1102 3610 -
1128 3563 1218 3626 prioris
1232 3560 1257 3612 0.
1270 3564 1319 3614 Ae·

154 3692 158 3697 .
200 3627 253 3678 mili
263 3627 344 3695 reliyic
355 3628 429 3678 nimia
440 3645 491 3678 eam
503 3637 612 3694 nepueu
630 3631 707 3680 etiam
723 3631 765 3679 hic
780 3631 854 3680 loeus
869 3631 982 3679 maxime
998 3629 1110 3693 Appulei
1128 3646 1177 3695 ope
1189 3632 1321 3681 restitutus

200 3705 247 3760 est,
263 3699 333 3762 apud
344 3712 419 3761 quem
430 3698 524 3760 legitur
531 3696 622 3761 prioris
635 3694 726 3746 Cameli
736 3695 819 3761 reliqio
831 3696 905 3745 nimia
916 3697 1083 3761 eiabueqaret.
1104 3699 1139 3747 Et
1154 3700 1214 3748 hinc
1228 3700 1320 3748 lucrati

200 3781 288 3817 sumus
303 3781 388 3816 veram
403 3766 550 3829 scripturam
569 3763 651 3828 reliyio
667 3763 752 3825 aimuh,
771 3779 837 3827 quae
851 3765 1012 3814 Hardninum
1028 3768 1147 3829 perduxit
1158 3769 1190 3816 ad
1202 3769 1320 3816 emenda-

200 3834 296 3884 tionem
313 3849 366 3882 eam
382 3840 487 3896 separet,
505 3846 571 3895 quaa
587 3833 614 3881 in
631 3833 748 3881 omnibus
763 3833 839 3882 Plinii
858 3833 932 3882 codd.
948 3834 1062 3896 quamvis
1074 3843 1192 3898 corrupta
1203 3835 1265 3884 latet
1282 3831 1320 3896 (v.

199 3899 292 3964 inira);
310 3901 379 3964 quod
396 3901 464 3964 apud
480 3899 637 3963 Appuleium
654 3900 747 3962 legitur
762 3899 935 3962 autumaret,
952 3901 1000 3964 ipsi
1012 3902 1096 3951 deberi
1107 3910 1218 3965 apparet.
1243 3902 1322 3962 Quod

199 3983 277 4034 porro
289 3970 420 4033 posuimus
434 3964 460 4017 0.
471 3965 567 4028 Aestii,
578 3968 737 4017 scribendum
749 3967 800 4016 hoc
811 3968 874 4017 vidit
882 3967 911 4018 C.
921 3969 963 4018 Fr.
971 3969 1109 4019 Hermann.
1123 3972 1154 4020 de
1162 3970 1321 4034 Hieronymo

200 4037 234 4086 ad
245 4037 382 4086 Eusebium
394 4050 419 4098 p.
435 4041 481 4095 la,
500 4048 558 4083 cum
574 4042 633 4083 ante
649 4048 707 4083 eum
720 4033 865 4085 Schneider.
878 4036 912 4084 ad
924 4035 1061 4087 Columell.
1076 4044 1114 4098 10,
1130 4042 1194 4098 lou,
1212 4039 1321 4101 nosipsi

201 4104 228 4152 in
244 4104 354 4153 editione
371 4104 470 4152 minore
486 4110 511 4151 et
526 4101 602 4152 Estre
618 4102 821 4166 prosopograph.
838 4103 928 4154 Horat.
941 4119 965 4168 p.
979 4110 1036 4154 211.
1061 4103 1161 4154 Aerailii
1171 4106 1321 4156 coniecisse·

201 4185 267 4230 mna,
278 4184 366 4220 omnes
377 4171 468 4221 eodem
480 4169 663 4220 emendationis
674 4169 746 4220 fonte
757 4171 796 4220 usi
807 4172 946 4222 scholiasta
958 4172 1104 4236 quniano
1113 4175 1146 4222 ad
1157 4173 1249 4223 Horat.
1262 4188 1321 4237 epp.

202 4235 223 4285 1.
238 4242 313 4296 raa.
340 4237 474 4298 ‚‚Autcuiuc
490 4236 565 4287 Musa
581 4235 729 4300 aepritudiue
744 4237 849 4302 Auyustt'
863 4247 938 4288 artem
954 4256 1021 4288 ruam
1037 4237 1178 4301 illustratis·
1196 4256 1250 4289 uam
1268 4257 1321 4290 cum
