2896 4792
192 281 254 345 342
544 293 749 341 susumus
772 291 966 339 msroruua

191 457 250 534 put
281 445 384 511 viride
417 445 467 510 vel
506 445 627 511 siccum
658 443 784 511 inlitum
822 443 993 529 epiphoras
1026 443 1190 508 oculorum
1221 441 1320 508 lenit.

191 544 315 633 Opium
336 567 376 611 ex
398 546 473 612 vino
493 545 655 612 mcmculo
676 545 704 611 si
725 545 873 632 protinus
894 545 999 623 detur,
1021 544 1225 630 scorpionum
1240 543 1321 609 icti·
1357 629 1362 639 ἱ

190 645 252 712 bus
272 647 403 712 resistit.
425 645 539 731 Aliqui
559 645 620 712 hoo
642 656 765 712 tantum
786 645 879 732 nigro
901 645 1055 724 tribuunt,
1079 645 1106 710 si
1121 645 1229 729 capita
1244 643 1320 710 eius

190 747 242 813 ael
262 746 338 813 folia
358 757 511 814 terantur.

232 847 316 912 XX.
339 851 391 915 81.
414 847 475 913 Est
489 859 522 914 ct
536 848 707 933 porcillaca
722 870 818 931 quam
831 847 942 934 peplin
956 857 1085 925 vocant,
1100 868 1164 911 non
1175 847 1320 912 multum
1335 865 1389 912 alo

191 948 294 1014 sativa
304 947 474 1027 efficacior,
486 948 578 1014 cuius
588 947 811 1015 memorabiles
823 969 903 1013 usus
917 948 1104 1013 traduntur:
1121 948 1320 1036 sagittarum

190 1069 315 1114 venena
336 1059 368 1116 et
397 1048 594 1135 serpentium
619 1048 875 1114 haemorroidum
902 1059 935 1114 et
956 1058 1136 1134 presterum
1154 1047 1320 1134 restingui

190 1171 249 1236 pro
275 1149 348 1217 cibo
370 1162 497 1236 sumpta
518 1160 552 1215 et
572 1149 677 1237 plagis
697 1148 837 1235 inposita
858 1148 999 1226 extrahi,
1031 1150 1110 1214 item
1123 1147 1318 1233 hyoscyami

190 1259 268 1336 pota
290 1271 308 1315 e
329 1272 425 1336 passo
446 1272 601 1336 expresso
623 1271 709 1315 suco.
734 1248 819 1314 Cum
840 1249 913 1335 ipsa
934 1271 999 1315 non
1020 1259 1086 1328 est,
1109 1272 1220 1316 semen
1243 1249 1320 1315 eius

191 1350 287 1416 simili
309 1351 427 1417 effectu
448 1352 588 1438 prodest.
611 1349 747 1416 Resistit
769 1361 804 1416 et
823 1371 980 1435 aquarum
1002 1350 1099 1429 vitiis,
1122 1348 1239 1435 capitis
1255 1350 1318 1415 do-

189 1451 248 1517 lori
268 1451 494 1536 ulceribusque
507 1452 541 1517 in
555 1451 631 1517 vino
645 1463 742 1517 tunsa
756 1461 789 1517 et
801 1451 956 1537 inposita3
971 1452 1093 1535 reliqua
1105 1451 1214 1516 ulcera
1235 1472 1319 1516 con·

188 1552 382 1619 manducata
404 1574 478 1618 oum
498 1552 592 1618 melle
613 1561 717 1618 sanat.
741 1549 799 1617 Sic
820 1561 853 1617 et
872 1551 1046 1617 infantium
1063 1552 1195 1617 cerebro
1216 1551 1317 1638 inpo-
1331 1569 1381 1615 211

188 1653 278 1718 nitur
289 1652 506 1739 umbilicoque
519 1653 674 1741 procidua
679 1700 690 1731 ‚
722 1652 756 1717 in
778 1651 943 1739 epiphoris
964 1674 1041 1719 vero
1063 1653 1205 1718 omnium
1214 1654 1318 1720 fronti

190 1755 452 1841 temporibusque
466 1778 540 1822 cum
561 1756 703 1840 polenta,
726 1755 793 1822 sed.
804 1754 885 1840 ipsis
899 1754 1001 1821 oculis
1023 1776 1041 1820 e
1055 1754 1138 1821 lacte
1152 1764 1185 1819 et
1198 1754 1316 1831 melle;

190 1857 313 1936 eadem,
343 1857 370 1921 si
391 1857 561 1943 procidant
581 1856 682 1935 oculi,
707 1856 792 1922 foliis
814 1856 896 1922 tritis
917 1879 991 1922 cum
1013 1855 1187 1923 corticibus
1206 1855 1318 1935 fabae,

192 1956 319 2044 pusulis
341 1978 415 2022 cum
429 1959 560 2045 polenta
582 1969 615 2023 et
636 1958 702 2023 sale
723 1967 757 2023 et
777 1968 879 2025 aceto.
917 1957 1038 2024 Ulcera
1058 1958 1123 2024 oris
1138 1968 1319 2023 tumorem-

190 2080 254 2143 que
280 2058 487 2146 gingivarum
514 2059 769 2125 conmanducata
796 2058 895 2124 cruda
922 2059 1030 2138 sedat,
1062 2061 1140 2126 item
1168 2058 1319 2125 dentium

124 2192 132 2203 .
189 2159 333 2236 dolores,
356 2159 553 2225 tonsillarum
575 2159 685 2225 ulcera
699 2180 796 2225 sucus
817 2160 977 2227 decoctae.
1002 2159 1143 2243 Quidam
1164 2159 1318 2228 adiscere
1331 2175 1386 2222 ara

189 2259 320 2346 paulum
342 2281 487 2336 murrae3
519 2283 595 2325 nam
610 2259 747 2338 ,mobilis
772 2260 877 2325 dentis
906 2258 1027 2327 stabilit
1049 2261 1317 2342 conmanducata,

189 2360 290 2427 cruda
311 2360 405 2426 sedat
425 2381 601 2444 vocemque
621 2360 729 2426 firmat
749 2373 782 2425 et
805 2361 893 2425 sitim
914 2372 1012 2427 arcet.
1053 2360 1200 2429 Cervicis
1222 2361 1317 2428 dolo·

188 2482 241 2526 res
269 2483 344 2526 cum
363 2460 449 2549 galla
469 2471 502 2526 et
522 2461 579 2527 lini
606 2463 727 2528 semine
759 2472 792 2526 et
820 2461 914 2527 melle
940 2462 1011 2548 pari
1039 2485 1188 2529 mensura
1209 2463 1317 2542 sedat,

188 2584 398 2629 mammarum
419 2561 498 2628 vitia
518 2584 592 2631 cum
612 2562 705 2630 melle
727 2574 782 2628 aut
810 2561 946 2628 Cimolia
969 2573 1072 2641 creta,
1104 2564 1254 2630 salutaris
1282 2574 1320 2630 et

189 2663 374 2751 suspiriosis
396 2663 613 2731 seminecum
639 2662 731 2729 melle
752 2662 885 2739 hausto;
917 2664 1115 2730 stomachum
1143 2665 1178 2729 in
1204 2674 1319 2731 aceta-

110 2832 115 2839 ,
189 2764 247 2830 riis
268 2774 397 2851 sumpta
419 2762 616 2831 conroborat.
643 2763 785 2830 Ardenti
805 2764 951 2830 febribus
971 2764 1137 2851 inponitur
1157 2788 1232 2831 cum
1252 2787 1318 2852 po.
1333 2779 1387 2824 ara

189 2865 287 2942 lenta,
310 2876 342 2929 et
364 2865 444 2931 alias
465 2864 659 2931 manducata
679 2865 850 2952 refrigerat
871 2865 967 2931 etiam
989 2866 1149 2932 intestina.
1194 2865 1317 2932 Vomi-

193 2966 297 3031 tioncs
320 2966 420 3042 sistit3
444 2965 641 3051 dysinteriae
656 2975 689 3030 et
701 2964 836 3031 vomicis
852 2977 940 3035 estur
961 2990 1002 3032 ex
1016 2979 1106 3034 aceto
1126 2967 1177 3034 vel
1190 2967 1319 3033 bibitur
1386 3039 1395 3046 ‚

176 3072 262 3131 'cum
289 3065 434 3144 cumino,
464 3066 617 3132 tenesmis
645 3077 753 3132 autem
775 3076 878 3146 cocta3
915 3068 1129 3135 comitialibus
1161 3068 1234 3133 cibo
1262 3071 1320 3136 vel

223 3233 323 3298 oculum,
335 3236 391 3287 Vd.
410 3277 442 3286 -
459 3238 534 3299 restit,
546 3240 580 3289 V.
1179 3290 1183 3295 .

223 3305 309 3367 tulo.
329 3302 471 3368 pactum,
489 3307 562 3357 Tad.
583 3305 723 3370 prosiliam,
733 3307 767 3357 V.
787 3306 921 3371 pwwloca,
934 3309 1039 3361 Barbas.
1050 3304 1080 3370 β.
1098 3310 1132 3359 V.
1144 3311 1176 3358 ad
1193 3313 1232 3369 13,
1247 3313 1318 3371 120,

190 3373 221 3422 do
233 3372 289 3435 ipsa
299 3371 388 3436 plenta
398 3373 517 3424 Dioscor.
529 3378 553 3434 2,
569 3380 625 3425 150.
643 3415 675 3424 ..
694 3372 785 3440 peplin,
797 3376 828 3425 Τ.
847 3374 953 3440 pepliliu,
965 3378 1010 3426 ad.
1029 3374 1139 3440 peplile'n,
1150 3377 1184 3426 V.
1207 3373 1319 3438 peplion,

189 3432 219 3499 β.
239 3479 269 3488 ..
288 3455 342 3500 uon,
354 3455 405 3489 om.
417 3441 451 3490 K.
469 3481 501 3492 ...
525 3449 548 3489 et
555 3450 694 3505 pressam,
706 3443 810 3493 Barbas.
833 3451 856 3491 et
864 3442 1006 3507 presiyrum,
1018 3445 1101 3494 VTd.
1123 3451 1146 3492 et
1155 3442 1320 3507 prasiqurum,

190 3520 213 3556 a.
235 3505 272 3554 ait
286 3504 420 3567 Patricius,
435 3508 502 3559 Pint.
519 3549 551 3557 ..
569 3509 688 3574 ratrinpi,
703 3510 765 3561 ΤΚ.
784 3550 814 3559 -
834 3509 920 3571 αἰναί,
936 3511 970 3560 V.
989 3551 1020 3560 ..
1035 3517 1103 3574 poto,
1119 3514 1163 3561 ad.
1182 3517 1263 3574 poure,
1283 3511 1318 3561 T.

189 3580 251 3634 pote,
263 3574 296 3621 V.
316 3614 346 3622 ..
368 3574 460 3635 semine,
472 3577 548 3626 Vad.
1232 3581 1236 3589 '

224 3639 239 3700 ἐ
252 3646 309 3690 211.
326 3640 448 3703 procidus,
460 3643 516 3693 Vd.
532 3642 616 3707 proctd
626 3642 696 3694 dubio
707 3643 759 3693 cibo
770 3642 824 3705 duo,
836 3660 859 3694 a
873 3684 904 3693 ..
914 3645 1004 3708 fronti,
1017 3646 1122 3696 VTad.
1132 3645 1224 3708 fronte,
1236 3639 1266 3704 β.
1283 3684 1318 3695 .-

98 3751 108 3766 ,
187 3705 295 3770 pulsatu,
306 3709 332 3757 V
344 3717 373 3758 ut
384 3724 465 3774 sacpo.
485 3751 516 3759 -
533 3709 668 3774 procidant,
680 3713 753 3762 codd.
765 3711 844 3762 Hasd.
859 3710 999 3775 procedunt,
1014 3705 1124 3763 OTVd.
1140 3710 1279 3775 procedens,
1292 3730 1318 3763 a.

187 3771 361 3837 procidsutss.
382 3817 413 3825 ..
431 3775 500 3839 oculi,
512 3779 543 3828 T.
567 3776 737 3840 oculusvad.
756 3776 861 3842 prodest,
873 3774 902 3840 β.
920 3819 951 3828 ..
972 3779 1084 3842 psaullis,
1096 3780 1129 3831 V.
1150 3778 1317 3844 pusillis,ad.

192 3881 223 3891 -
247 3841 341 3904 Ulcera,
353 3846 377 3894 d.
396 3843 520 3905 utulceru,
532 3861 555 3895 a.
574 3853 600 3893 ut
610 3861 673 3905 cera
685 3846 719 3896 V.
740 3885 770 3894 ..
788 3845 885 3895 mlum
899 3862 1007 3909 orsaque,
1019 3849 1052 3898 V.

225 3912 313 3973 5212.
332 3911 534 3975 tuyrrhiuiPint.
553 3953 583 3962 -
603 3911 705 3973 mobiles,
720 3906 865 3962 OvTadr.
892 3921 916 3961 et
925 3912 1028 3976 mobiles,
1038 3911 1090 3979 βγ.
1109 3955 1139 3964 ..
1163 3911 1318 3962 commandu-

191 3979 320 4034 catava.
347 3974 591 4042 mademarius.
611 4020 642 4028 ..
665 3974 894 4039 cumesses.
922 3980 1059 4044 audam,
1074 3979 1125 4046 βγ.
1144 4021 1174 4030 -
1198 3977 1317 4042 etmelle,

194 4036 323 4096 cvras.
341 4046 399 4096 Om.
415 4042 444 4107 β.
463 4087 494 4096 ..
522 4053 564 4095 out
577 4043 687 4106 Cimolia,
705 4041 837 4103 OVTad.
863 4055 887 4095 et
900 4045 1008 4110 Cimolia,
1023 4044 1052 4110 β.
1072 4090 1103 4099 -
1130 4056 1153 4096 et
1167 4045 1317 4109 suspiriosis,

191 4111 245 4161 Vd.
263 4120 297 4160 ast
308 4112 452 4176 suspiriosis,
464 4109 534 4177 asty.
554 4155 584 4163 ..
603 4113 636 4174 in,
649 4128 699 4162 om.
715 4105 744 4163 θ.

225 4181 240 4241 §
253 4185 310 4229 als.
328 4178 438 4241 Ardenti
449 4178 524 4230 Vad.
542 4178 696 4241 Ardeatibus,
707 4176 758 4246 βγ.
771 4222 802 4231 ..
821 4189 893 4245 eamr,
903 4178 952 4234 Vd
964 4181 1050 4246 (codd.
1063 4179 1135 4245 Gal.)
1153 4179 1229 4243 detur,
1241 4198 1264 4233 a.
1281 4223 1314 4232 .-

192 4252 264 4306 οοεια,
277 4247 381 4297 VTad.
400 4255 466 4296 coctu
478 4255 507 4310 et,
519 4243 542 4308 β
544 4263 570 4312 γ.
588 4249 614 4299 Α
627 4262 689 4298 voce
700 4247 856 4299 comitialibus
868 4265 934 4301 nova
945 4251 995 4301 iam
1008 4251 1126 4314 periodus
1136 4249 1231 4313 incipit.
