2896 4792
183 265 245 332 abt
533 275 737 328 ussnnsnrs
760 279 955 330 merorum

182 443 305 500 vestros
336 430 370 496 in
396 441 532 516 utroque
560 453 680 519 genere
710 442 740 497 et
763 431 912 498 omnibus
934 433 1002 499 lere
1023 432 1213 512 hortensiis;
1249 436 1305 503 sed

182 545 216 600 et
236 534 286 599 his
307 531 432 598 medica
454 542 578 598 tantum
598 543 713 598 natura
741 544 806 612 est,
832 556 929 618 quam
954 534 996 599 ob
1022 557 1089 600 rem
1117 537 1307 602 differentur

181 637 216 701 in
238 657 296 701 sua
317 633 489 700 volumina.

225 739 277 802 25.
303 735 442 820 Reliqua
462 734 686 822 cartilaginum
705 744 839 800 naturae
859 746 944 803 terra
965 737 1166 804 occultantur
1186 741 1304 820 omnia,
1320 763 1351 812 ⁷5

181 839 216 903 in
247 835 366 922 quibus
398 835 439 902 de
463 835 553 921 rapis
579 835 707 902 abunde
735 835 857 902 dixisse
883 847 1067 922 poteramus
1090 838 1209 919 videri,
1242 843 1306 908 nisi

181 939 301 1006 medici
321 937 490 1004 masculini
513 959 610 1002 sexus
632 937 774 1002 facerent
794 935 828 1002 in
849 935 901 1003 his
922 939 1071 1018 rotunda,
1093 939 1207 1006 latiora
1228 965 1305 1008 vero

181 1052 215 1108 et
236 1061 376 1107 concava
396 1037 557 1116 feminini,
593 1036 825 1124 praestantiora
855 1038 1013 1105 suavitate
1035 1041 1129 1104 etad
1152 1042 1304 1109 condien-

183 1145 262 1209 dum
284 1139 445 1214 faciliora3
469 1138 598 1223 saepius
620 1149 690 1202 sata
711 1148 879 1203 transeunt
899 1138 933 1202 in
955 1160 1086 1204 marem.
1121 1140 1225 1207 Iidem
1245 1167 1304 1209 na-

73 1286 81 1293 .
182 1267 297 1333 porum
318 1241 458 1327 quinque
479 1261 599 1328 genera
619 1239 736 1319 fecere,
760 1237 975 1318 Corinthium,
997 1238 1205 1322 Cleonaeum,
1228 1244 1305 1310 Lic-

183 1345 331 1422 thasium,
354 1340 543 1408 Boeoticum
566 1351 598 1406 et
619 1341 707 1425 quod
728 1364 786 1428 per
808 1364 843 1407 se
865 1341 968 1407 viride
990 1341 1150 1409 dixerunt.
1178 1344 1233 1410 Ex
1254 1345 1305 1411 his
1319 1370 1351 1418 π,

181 1448 214 1513 in
248 1442 491 1531 amplitudinem
523 1443 680 1508 adulescit
718 1441 920 1508 Corinthium
958 1443 1046 1507 nuda
1078 1445 1145 1509 fere
1177 1447 1304 1524 radice3

183 1549 285 1616 solum
306 1545 392 1612 enim
413 1544 475 1611 hoc
496 1566 600 1631 genus
622 1567 761 1631 superne
784 1545 896 1622 tendit,
918 1567 983 1609 non
1002 1556 1042 1610 ut
1063 1557 1169 1612 cetera
1189 1548 1223 1613 in
1239 1561 1304 1615 ter·

182 1674 261 1717 rana
298 1647 503 1713 Liothasium
526 1647 656 1730 quidam
681 1645 854 1711 Thracium
875 1645 1047 1733 appellant,
1069 1647 1223 1736 frigorum
1244 1674 1304 1738 pa-

182 1751 420 1819 tientissimum.
445 1745 501 1812 Ab
523 1769 562 1811 eo
583 1745 774 1812 Boeoticum
796 1747 890 1812 dnlce
912 1757 971 1825 est,
994 1748 1189 1815 rotunditate
1209 1752 1305 1818 etiam

181 1853 275 1920 brevi
308 1848 448 1917 notabile
475 1868 580 1932 neque
607 1856 644 1912 ut
667 1845 861 1913 Cleonaeum
888 1848 1110 1935 praelongsm.
1142 1850 1182 1914 In
1205 1863 1306 1917 totum
1319 1872 1350 1922 7⁷

183 1954 326 2039 quidem,
347 1971 483 2035 quorum
505 1947 613 2013 tenuia
632 1948 717 2026 folia,
738 1948 803 2033 ipsi
823 1971 951 2034 quoque
973 1949 1146 2030 dulciores,
1168 1975 1305 2037 quorum

184 2053 297 2122 scabra
328 2061 361 2117 et
388 2049 545 2136 angulosa
574 2060 605 2115 et
638 2048 784 2127 horrida,
816 2050 1001 2116 amariores.
1045 2051 1106 2116 Est
1139 2066 1306 2138 praeterea

182 2176 285 2246 genus
308 2152 451 2218 silvestre
473 2149 565 2215 cuins
586 2150 663 2215 folia
684 2160 759 2216 sunt
781 2172 896 2216 erucae
911 2151 1036 2216 similia.
1059 2152 1172 2218 Palma
1183 2155 1306 2222 Romae

184 2252 397 2321 Amiterninis
419 2253 529 2329 datur,
551 2250 627 2317 dein
648 2249 811 2330 Nursinis,
835 2251 931 2317 tertia
951 2251 1160 2318 nostratibus.
1191 2253 1306 2322 Cetera

183 2359 225 2423 dc
248 2367 319 2423 satu
341 2375 450 2419 eorum
472 2353 507 2417 in
528 2353 617 2438 rapis
639 2352 724 2425 dicta
742 2364 829 2418 sunt.

226 2459 278 2523 26.
317 2453 445 2521 Cortice
480 2465 512 2519 et
545 2455 732 2540 cartilagine
766 2464 916 2519 constant
951 2454 1100 2540 raphani,
1133 2455 1306 2540 multisque
1321 2479 1352 2527 ts

183 2582 292 2627 eorum
332 2568 444 2622 cortex
483 2556 622 2620 crassior
658 2556 753 2621 etiam
790 2578 887 2640 quam
920 2555 1114 2640 quibusdam
1146 2557 1306 2622 arborum.

184 2657 376 2727 Amaritudo
396 2658 544 2741 pluruma
564 2656 627 2721 illis
649 2667 697 2722 est
718 2667 750 2722 et
770 2678 830 2741 pro
851 2656 1065 2722 crassitudine
1086 2656 1230 2733 corticis3
1252 2680 1305 2722 ce·

185 2777 252 2829 tera
278 2781 405 2846 quoque
432 2757 605 2840 aliquando
624 2757 759 2843 lignosa.
802 2758 849 2822 Et
870 2757 921 2822 vis
942 2756 1024 2821 mira
1046 2757 1216 2846 colligendi
1239 2759 1306 2843 spi·

184 2863 281 2929 ritum
305 2858 499 2942 laxandique
521 2868 647 2935 ructum
654 2881 663 2934 ;
693 2858 735 2923 cb
756 2857 790 2922 id
813 2857 906 2923 cibus
926 2857 1117 2936 inliberalis,
1144 2860 1256 2942 utique
1279 2859 1315 2924 si·-

184 2983 339 3050 proxume
366 2959 437 3024 olus
458 2958 643 3035 mandatur3
673 2959 701 3023 si
722 2980 800 3023 vero
822 2981 895 3023 cum
916 2958 1010 3024 olivis
1031 2959 1183 3046 druppis,
1204 2959 1308 3025 rarior

184 3075 295 3129 ructus
315 3061 353 3126 fit
373 3062 544 3144 minusque
565 3060 715 3126 faetidus.
759 3060 916 3148 Aegypto
942 3060 1024 3126 mire
1046 3061 1225 3127 celebratur
1245 3059 1306 3125 olei
1320 3086 1353 3134 ts

185 3243 279 3301 potest,
290 3248 348 3284 cum
360 3248 413 3284 non
425 3236 457 3285 de
469 3235 644 3285 cucumeribus
655 3231 762 3297 (etenim
773 3236 852 3285 modo
865 3235 891 3284 in
903 3242 1048 3285 nansoursu
1059 3233 1138 3297 paulo
1150 3248 1226 3297 supra
1237 3248 1307 3282 cucu-

186 3299 472 3364 ras‘sccmmemoratur),
484 3304 529 3353 sed
541 3303 573 3352 dc
584 3303 721 3368 cucurbitis
733 3317 816 3352 sermo
829 3303 875 3365 sit3
887 3305 918 3352 de
927 3301 1043 3353 ablativis
1052 3301 1185 3361 absolutis,
1197 3314 1307 3363 quorum

186 3370 246 3421 loco
257 3369 427 3419 aecusatimm
439 3376 685 3434 cpmas‘exspectes,
695 3385 720 3419 v.
732 3371 765 3420 ad
779 3376 818 3432 13,
833 3376 890 3422 140.
910 3410 940 3419 ..
959 3367 1053 3417 servari
1063 3366 1159 3430 uirides,
1171 3371 1195 3418 d.
1209 3407 1240 3416 -
1258 3365 1307 3429 dis·

179 3436 303 3500 soeuatur,
315 3451 337 3485 c.
356 3475 388 3485 ..
405 3449 450 3484 esu
461 3435 581 3486 uolumina
592 3443 633 3499 20,
646 3444 670 3489 8.
721 3454 724 3459 ’
1081 3457 1084 3460 ·

221 3538 288 3602 Ηδ.
314 3532 428 3596 abuados,
439 3540 462 3586 ll.
475 3579 505 3588 -
523 3536 613 3588 druse
625 3546 665 3600 18,
680 3545 728 3591 luo
740 3555 811 3604 seqq.
824 3578 856 3589 ..
874 3537 923 3587 nisi
935 3537 1031 3598 Graeci,
1042 3540 1109 3589 Pint
1128 3538 1162 3587 V.
1174 3535 1307 3599 Theophr.

188 3607 206 3656 l.
217 3607 236 3655 l.
248 3602 310 3654 vn„
322 3609 347 3664 4,
360 3608 384 3655 Ι.
402 3645 434 3654 ..
457 3603 604 3667 rotundiora,
621 3608 719 3672 Appul.
736 3623 761 3671 p.
780 3609 837 3658 s7s.
860 3647 892 3656 ..
920 3613 943 3653 ct
953 3621 1064 3667 concava,
1085 3597 1168 3655 Oacd
1184 3599 1309 3668 (Appnl.)

187 3686 299 3731 cosmon,
310 3666 340 3732 β.
352 3712 384 3723 ,.
402 3669 564 3733 coadseadun,
573 3675 669 3740 Appul.
687 3672 840 3725 condendum.
852 3664 971 3724 O'l'acd.
985 3713 1017 3722 ..
1034 3672 1170 3737 manual*
1183 3668 1308 3735 (Appul.)

188 3754 249 3806 quaa
260 3738 363 3803 saepius,
380 3734 494 3805 acdssr.
523 3739 630 3804 spissius,
647 3742 725 3792 Pint..
743 3782 775 3793 ,.
805 3738 868 3789 ΠΗ
877 3756 975 3805 qaaere,
992 3741 1060 3790 Pint.
1088 3780 1119 3789 -
1147 3737 1307 3794 Liotltceium,

187 3809 293 3860 Barbar.
306 3809 369 3858 aad.
388 3803 533 3868 leutherium,
545 3809 643 3872 Appul.
667 3806 816 3869 barbanum,
828 3801 857 3857 θ.
880 3805 1059 3868 uincamus,
1071 3808 1138 3857 Piut
1156 3848 1187 3857 ..
1210 3814 1234 3855 et
1245 3803 1310 3869 quod

190 3874 345 3933 Acamas
363 3890 415 3924 om.
432 3874 499 3925 Pint.
517 3884 562 3927 aut
577 3882 600 3923 et
616 3873 680 3938 quod
688 3873 809 3939 persimile
821 3891 906 3924 amne
920 3873 1032 3924 diverunt
1045 3876 1180 3938 legendum
1197 3874 1308 3923 coniicit.

188 3941 252 4007 qaod
261 3951 285 3991 et
292 3959 338 4007 per
348 3958 381 4003 se,
393 3944 480 3992 Dalec.
1216 3962 1223 3977 ·

222 4045 290 4108 576.
317 4043 437 4105 taccu.
464 4038 563 4105 iaassr.
584 4083 614 4092 ..
637 4042 800 4107 amplitudine,
812 4047 835 4094 d.
859 4085 889 4094 ..
913 4043 1045 4093 interram.
1067 4041 1225 4099 Liotlrass'um,
1238 4059 1260 4092 a.
1283 4041 1308 4090 ia

190 4111 251 4158 bam
268 4109 404 4171 licilianum,
422 4114 445 4161 d.
472 4108 677 4170 intellecturus.
706 4152 736 4160 ..
765 4110 897 4173 thraeilum,
916 4112 939 4160 d.
967 4111 1084 4169 tracitum,
1102 4126 1123 4159 c.
1151 4109 1267 4169 threnum,
1284 4123 1307 4158 a.

190 4176 334 4295 mm
344 4177 433 4236 Dalsc.
457 4218 488 4226 -
515 4176 555 4225 Ao
566 4192 592 4224 eo
603 4177 753 4241 Boeotium
770 4195 816 4244 pro
833 4180 874 4229 his
890 4195 930 4228 vv.
943 4180 1040 4229 habent
1051 4176 1197 4227 aboeollium
1210 4193 1251 4237 ac,
1273 4176 1310 4224 At
