2896 4792
295 273 298 277 ¹
324 300 394 352 Lm.
411 306 512 352 xvrn.
542 304 765 353 csr.xxv111.
783 307 881 352 xnrx.
910 306 1008 353 sacr.
1025 308 1055 351 ea
1069 309 1101 352 os.
1207 291 1269 355 209

146 457 187 524 ab
210 455 348 524 horridis
371 454 530 522 sideribus
552 466 680 532 exeunt,
709 467 744 519 ut
767 458 894 543 saepius
915 457 1065 536 diximus,
1094 458 1195 524 veluti
1216 480 1271 524 ar-

75 638 78 643 ,
146 568 255 637 cturo,
278 554 418 635 Orione,
439 557 562 624 hoedis.
599 552 675 620 Alia
697 569 772 624 sunt
792 558 847 623 illa
868 580 950 643 quae
973 559 1085 625 silente
1106 561 1194 627 caelo
1215 579 1269 626 se·
1282 577 1331 624 ars

145 657 297 743 ranisque
318 659 466 726 noctibus
486 660 585 737 fiunt,
607 659 694 753 nullo
716 661 872 726 sentiente
893 660 956 725 nisi
979 684 1052 728 cum
1072 662 1158 727 facta
1177 671 1270 739 sunt3

145 761 276 848 publica
302 772 334 825 et
356 783 492 848 magnae
521 771 596 826 sunt
617 761 815 827 differentiae
838 785 857 826 a
878 762 1056 848 prioribus,
1083 763 1155 831 aliis
1181 763 1270 829 robi-

145 860 265 949 ginem,
288 861 359 927 aliis
374 861 550 942 uredinem,
573 860 645 928 aliis
659 861 890 928 carbunculum
904 861 1150 951 appellantibus,
1166 867 1270 933 omni·

145 965 208 1030 bus
229 985 308 1030 vero
330 963 540 1029 sterilitatem.
562 963 614 1030 De
636 964 686 1028 his
701 987 786 1030 nunc
801 965 945 1030 dicemus
966 989 986 1032 a
1006 968 1093 1033 nullo
1115 978 1189 1034 ante
1211 991 1272 1036 nos

145 1065 274 1151 prodita
295 1066 449 1150 priusque
471 1086 585 1130 causas
606 1065 787 1131 reddemus.

187 1158 328 1230 XXIX.
362 1165 457 1231 Duae
479 1176 555 1231 sunt
576 1178 703 1252 praeter
723 1167 869 1233 lunarem
890 1168 1069 1254 paucisque
1091 1171 1171 1242 caeli
1191 1171 1271 1238 locis
1283 1187 1333 1232 aso

146 1274 304 1333 constant
336 1265 486 1351 Namque
512 1267 664 1352 vergiliae
686 1268 858 1352 primatum
881 1280 990 1334 tenent
1011 1271 1052 1335 ad
1073 1271 1212 1350 fructus,
1234 1282 1272 1338 ut

146 1388 281 1452 quarum
304 1378 419 1433 exortu
438 1379 544 1434 aestas
558 1368 704 1454 incipiat,
728 1391 845 1434 occasu
859 1370 979 1446 hiems3
1002 1374 1149 1438 semestri
1165 1373 1272 1458 spatio

144 1468 228 1533 intra
250 1491 284 1534 se
306 1479 339 1534 et
360 1470 475 1534 messis
496 1470 738 1554 vindemiasque
761 1481 794 1535 et
814 1471 956 1535 omnium
970 1472 1187 1538 maturitatem
1201 1495 1270 1538 am·

145 1569 324 1656 plexantur.
349 1566 410 1636 Est
431 1581 596 1656 praeterea
616 1572 650 1635 in
666 1573 754 1636 caelo
767 1571 824 1656 qui
839 1568 1107 1639 vocaturlacteus
1121 1573 1271 1653 circulus,

108 1733 119 1752 ,
146 1671 242 1736 etiam
264 1672 337 1736 visu
362 1672 474 1738 facilis.
496 1658 606 1739 Huius
628 1672 766 1738 defluvio
788 1674 876 1739 velut
897 1697 938 1739 ex
958 1674 1058 1740 ubere
1079 1675 1185 1759 aliquo
1201 1684 1272 1740 sata
1283 1687 1330 1735 281

145 1783 261 1839 cuncta
285 1773 464 1839 lactescunt
491 1774 626 1840 duorum
649 1774 789 1840 siderum
814 1775 1053 1854 observatione,
1086 1776 1210 1860 aquilae
1235 1775 1270 1841 in

145 1875 385 1960 septentrionali
411 1886 502 1961 parte
524 1876 610 1940 etin
632 1875 777 1941 austrina
800 1876 979 1956 caniculae,
1008 1877 1100 1943 cuius
1129 1877 1269 1942 mentio-

144 1997 216 2040 nem
232 1998 298 2064 ¹suo
319 1977 389 2043 loco
410 1976 555 2042 fecimus.
592 1974 668 2061 lpse
696 1977 834 2043 circulus
863 1978 965 2044 fertur
985 2001 1044 2065 per
1066 1978 1269 2068 sagittarium

144 2088 240 2162 atque
261 2079 422 2166 geminos,
452 2079 527 2144 solis
549 2087 694 2144 centrum
719 2078 804 2143 infra
826 2077 1090 2164 aequinoctialem
1113 2080 1269 2146 circulum

145 2200 275 2256 secans,
299 2181 517 2246 conmissurus
540 2201 649 2246 eorum
672 2180 837 2266 optinente
858 2180 933 2246 hinc
955 2181 1076 2265 aquila,
1104 2181 1192 2247 illinc
1213 2202 1268 2246 ca·

144 2281 260 2346 nicula.
298 2282 377 2347 ideo
400 2283 534 2348 effectus
556 2282 722 2365 utriusqus
744 2282 785 2346 ad
808 2282 910 2347 omnis
932 2283 1105 2370 frugiferas
1126 2281 1269 2368 pertinet
1281 2295 1330 2341 aes

144 2393 261 2460 terras,
294 2382 445 2465 quoniam
474 2383 507 2446 in
535 2381 585 2446 his
613 2393 736 2447 tantum
762 2382 839 2446 locis
869 2383 946 2449 solis
967 2394 1136 2468 terraeque
1158 2393 1270 2449 centra

143 2492 337 2568 congruunt.
358 2481 465 2569 Igitur
486 2483 600 2547 horum
621 2482 761 2546 siderum
783 2482 915 2562 diebus,
938 2484 965 2548 si
978 2506 1080 2569 purus
1094 2494 1191 2567 atque
1206 2484 1266 2548 mi-

143 2585 185 2649 tis
215 2604 271 2648 aer
298 2583 470 2668 genitalem
503 2583 592 2647 illum
625 2583 825 2667 lacteumque
857 2605 969 2648 sucum
996 2584 1207 2648 transmiserit
1232 2583 1267 2648 in

144 2696 263 2762 terras,
286 2683 369 2746 laeta
387 2683 577 2748 adulescunt
599 2693 682 2761 sata;
706 2682 733 2747 si
753 2683 831 2747 luna
852 2704 916 2766 qua
935 2683 1056 2748 dictum
1076 2695 1124 2748 est
1143 2684 1267 2749 ratione

142 2785 304 2852 roscidum
327 2783 432 2872 frigus
454 2783 664 2869 adsperserit,
694 2784 836 2848 admixta
863 2784 1040 2848 amaritudo
1066 2795 1103 2848 ut
1129 2785 1162 2847 in
1184 2785 1266 2849 lacte

55 2958 58 2962 .
142 2886 350 2972 puerperium
371 2896 475 2951 necat.
496 2883 618 2951 Modus
638 2885 672 2951 in
694 2885 786 2950 terris
808 2885 904 2953 buius
925 2884 1077 2964 iniuriae,
1099 2906 1198 2968 quem
1216 2882 1264 2950 fe-
1278 2898 1327 2943 aea

142 2989 186 3052 cit
213 2989 248 3052 in
275 3008 478 3072 quacumque
507 2987 708 3052 convexitate
738 2986 908 3051 comitatus
934 2986 1101 3070 utriusque
1136 3007 1263 3062 causae,

143 3099 175 3155 et
196 3088 269 3154 ideo
291 3112 355 3153 non
376 3087 499 3174 pariter
519 3088 553 3152 in
576 3098 642 3154 toto
664 3085 740 3154 orbe
756 3087 908 3166 sentitur,
931 3098 968 3151 ut
982 3111 1041 3154 nec
1056 3087 1134 3152 dies.
1156 3086 1263 3173 Aqui·

143 3260 275 3326 caliqincm,
287 3263 366 3312 schol.
379 3261 498 3312 German.
511 3300 543 3311 ..
561 3259 737 3324 impelleretur,
749 3260 829 3311 schol.
842 3259 961 3312 German.
975 3300 1007 3309 ..
1025 3258 1127 3311 dicamas
1138 3266 1264 3323 quassata

144 3346 185 3379 noa
196 3345 214 3377 a
225 3327 289 3378 nullo
300 3336 355 3377 sunt
362 3327 467 3392 prodita.
484 3328 560 3377 Prius
571 3343 658 3376 cauam
668 3325 791 3377 reddemus
802 3343 890 3389 caum,
901 3328 983 3378 schol.
996 3327 1116 3378 German.

177 3396 262 3456 5280.
281 3412 343 3459 quae
357 3403 413 3444 aunt
424 3404 522 3458 praeter
535 3393 641 3443 lunarem
658 3401 681 3442 et
698 3409 759 3456 quaa
772 3393 866 3458 pared,
883 3395 966 3444 schol.
979 3393 1098 3444 German.
1118 3434 1149 3442 ..
1167 3391 1235 3454 cosli,
1247 3408 1265 3443 s

143 3461 237 3524 (schol.
247 3462 381 3524 German.)
394 3464 482 3515 Omitt.
495 3465 547 3513 Td.
561 3500 592 3511 ..
606 3460 736 3525 primatum
749 3468 832 3522 tenent,
843 3462 925 3511 schol.
936 3461 1055 3511 German.
1065 3460 1194 3524 primatum
1206 3458 1262 3508 atti-

144 3538 204 3592 nent,
214 3532 267 3581 Td.
281 3530 396 3594 privatim
408 3530 515 3591 attinent,
528 3523 598 3592 asty.
612 3569 643 3578 -
656 3535 681 3577 ut
693 3543 793 3590 quarum
805 3535 831 3577 et
841 3526 949 3591 inrapiat,
961 3529 1005 3577 ad.
1024 3543 1124 3593 quarum
1136 3535 1162 3578 et
1172 3527 1262 3590 inopis,

143 3599 225 3649 schol.
238 3599 356 3649 German.
375 3638 407 3649 ..
426 3594 512 3658 aetus,
525 3599 549 3646 d.
562 3637 594 3645 ..
611 3593 735 3655 remmom,
747 3609 771 3644 a.
783 3634 815 3644 ..
834 3600 857 3641 et
867 3609 959 3657 merem,
971 3595 1053 3645 schol.
1066 3595 1186 3646 German.
1204 3610 1263 3642 mes·

143 3682 188 3727 sca,
200 3660 292 3729 adfir.
311 3706 342 3715 -
361 3665 507 3727 morantate,
518 3681 541 3714 a.
555 3703 587 3714 ..
605 3659 777 3727 amplexantur,
790 3661 871 3712 schol.
884 3660 1003 3713 German.
1021 3661 1152 3728 complosit,
1165 3678 1188 3711 a.
1200 3675 1261 3710 com-

140 3732 230 3797 plectit,
242 3735 266 3782 d.
283 3730 426 3796 complexae,
435 3727 488 3795 βγ.

177 3803 262 3864 §28L
281 3798 483 3862 fecimusiauti.
507 3839 538 3848 ...
565 3804 667 3847 ωηινιιηι
684 3795 758 3863 infra,
775 3797 800 3846 K
816 3793 910 3858 (schol.
929 3795 1063 3860 German.)
1089 3793 1223 3854 omtrourb,
1237 3807 1261 3845 a.

143 3875 221 3916 centro
233 3866 280 3930 cix,
292 3884 312 3916 r.
333 3875 410 3915 ceatw
423 3867 465 3927 bis,
477 3861 548 3930 ᾶβγ.

177 3933 263 3995 5282.
287 3933 490 3997 ριντίποι,εο1101.
503 3932 623 3984 German.
642 3925 873 3994 petineatadssr.
897 3969 928 3979 ..
951 3936 1077 3990 coatras.
1095 3968 1126 3977 ..
1151 3925 1261 3974 uomi-

142 4001 208 4062 cm't,
221 4002 302 4050 schol.
315 4001 434 4052 German.
454 3998 591 4060 narrarent,
603 4001 647 4048 ad.
667 3995 812 4055 nonsmittit,
824 3998 856 4046 T.
869 4038 901 4046 -
918 3995 956 4044 ain
969 3994 1032 4056 luna,
1044 3996 1112 4045 Pint.
1124 4034 1155 4043 ..
1175 3991 1261 4042 dietus

143 4070 203 4133 eet}
216 4072 274 4119 277.
293 4108 324 4117 ..
344 4066 479 4130 asperam,
491 4066 572 4115 schol.
585 4065 705 4116 German.
722 4062 917 4127 urpaat,'1'ad.

177 4136 192 4200 ς
205 4139 262 4186 283.
288 4136 313 4184 in
326 4134 395 4182 terreis
407 4131 595 4193 temtantes,
607 4146 624 4180 a
635 4129 730 4193 (schol.
743 4129 875 4192 Gennan.)
893 4129 997 4178 inierim
1008 4126 1110 4176 hainin
1120 4127 1198 4189 tenir,
1207 4127 1260 4177 Τὰ.

144 4216 175 4252 ..·
191 4200 267 4264 facit,
278 4202 367 4252 Daleo.
389 4241 420 4251 ..
439 4214 518 4263 qaam,
530 4198 610 4250 schol.
623 4198 743 4250 German.
760 4213 815 4260 quo,
827 4198 899 4248 Tad.
1017 4259 1057 4320 14
1194 4217 1197 4222 -

177 4270 254 4321 ram.
271 4267 322 4318 III.
