2896 4792
407 295 477 342 um.
491 296 580 343 xvn.
608 295 686 342 oar.
704 297 736 342 v.
753 296 800 342 vr.
828 294 926 343 seor.
942 298 962 341 a
975 299 994 340 4.
1220 282 1260 344 77

135 467 203 531 quo
224 445 294 512 loco
315 467 409 512 arcos
430 447 582 511 caelestes
604 445 749 511 deiecere
772 448 877 532 capita
900 470 959 510 sua
981 459 1013 511 et
1036 470 1109 511 oum
1131 469 1151 510 a
1166 448 1259 513 sicci·

138 559 204 613 tate
226 546 379 612 continua
400 546 557 611 inmaduit
577 546 695 623 imbre3
725 559 802 612 tunc
829 548 947 612 emittit
973 547 1063 612 illum
1086 571 1179 613 suum
1201 549 1259 613 ha-

136 649 228 714 litum
251 648 396 713 divinum
417 670 458 712 ex
481 649 547 713 sole
561 659 749 733 conceptum
770 648 822 713 oui
837 649 1005 734 conparari
1019 649 1161 714 suavitas
1174 652 1262 715 nulla

137 751 251 838 possit.
273 749 310 815 Is
331 772 403 815 esse
425 762 574 815 conmota
594 749 725 815 debebit
747 760 960 834 repertusque
980 751 1138 816 neminem
1153 752 1260 826 lallat3

137 874 175 917 ac
197 852 238 916 de
260 859 347 915 terra
367 850 445 916 odor
467 863 596 937 optume
617 851 782 916 iudicabit.
813 851 902 916 Talis
924 853 991 916 fere
1013 852 1115 915 estin
1137 853 1260 917 novali·

137 953 200 1019 bus
221 974 316 1019 caesa
336 965 444 1018 vetere
467 952 547 1017 silva
569 975 650 1036 quae
673 975 832 1018 consensu
853 953 1010 1018 laudatur.
1037 953 1081 1017 Et
1103 955 1137 1018 in
1158 955 1260 1042 frugi-
1274 971 1308 1015 ro

138 1053 201 1118 bus
222 1052 353 1137 quidem
373 1053 514 1118 ferendis
534 1052 647 1118 eadem
662 1064 747 1118 terra
760 1055 868 1119 utilior
883 1055 1090 1143 intellegitur,
1112 1056 1262 1139 quotiens

137 1155 321 1219 intermissa
342 1155 468 1219 cultura
490 1155 623 1238 quievit,
646 1155 733 1238 quod
754 1155 787 1218 in
809 1156 912 1221 vineis
935 1180 998 1221 non
1018 1156 1065 1232 lit,
1089 1179 1190 1242 eoque
1213 1170 1261 1223 est

138 1255 329 1342 diligentius
357 1255 516 1344 eligenda,
539 1278 580 1321 ne
602 1278 678 1321 vera
700 1257 836 1320 exsistat
857 1256 965 1343 opinio
988 1280 1099 1322 eorum
1119 1259 1175 1341 qui
1197 1260 1261 1323 iam

137 1355 253 1422 Italiae
274 1369 392 1422 terram
413 1359 646 1422 existumavere
667 1358 794 1422 lassam.
829 1354 950 1442 Operis
977 1358 1105 1442 quidem
1127 1359 1261 1423 facultas

138 1457 173 1522 in
205 1457 277 1523 aliis
308 1457 483 1546 generibus
512 1468 638 1524 constat
665 1471 697 1521 et
725 1459 823 1535 caelo,
855 1481 915 1523 nec
946 1469 1051 1545 potest
1077 1459 1161 1522 arari
1187 1471 1262 1544 post

137 1559 251 1625 imbris
278 1561 387 1644 aliqua
407 1559 563 1624 ubertatis
590 1559 669 1624 vitio
690 1559 880 1624 lentescens.
916 1557 1038 1624 Contra
1064 1559 1097 1622 in
1119 1557 1304 1642 Byzacioo

139 1661 274 1728 Africae
300 1661 392 1725 illum
416 1670 550 1726 centena
576 1662 802 1746 quinquagena
830 1661 923 1746 fruge
950 1659 1086 1725 fertilem
1113 1682 1261 1745 campum

137 1761 246 1840 nullis,
268 1784 341 1827 cum
364 1762 468 1827 siccus
490 1774 550 1839 est,
573 1762 726 1827 arabilem
750 1762 849 1826 tauris
870 1775 944 1846 post
959 1760 1072 1827 imbris
1094 1761 1148 1825 vili
1163 1761 1261 1827 asello

139 1880 171 1928 et
192 1886 212 1927 a
232 1875 325 1948 parte
346 1864 446 1929 altera
466 1864 536 1952 iugi
557 1888 622 1929 anu
644 1887 804 1929 vomerem
826 1864 972 1928 trahente
987 1863 1125 1929 vidimus
1140 1863 1259 1942 scindi;

139 1975 257 2028 terram
284 1965 369 2029 enim
398 1979 483 2030 terra
511 1965 712 2043 emendandi,
741 1977 776 2029 ut
802 1965 899 2049 aliqui
921 1966 1133 2051 praecipiunt,
1163 1987 1261 2051 super

140 2076 268 2130 tenuem
296 2066 410 2154 pingui
437 2066 555 2131 iniecta
582 2079 638 2131 aut
664 2066 777 2154 gracili
805 2067 978 2150 bibulaque
1001 2089 1099 2152 super
1119 2066 1262 2131 umidam

140 2189 178 2231 ac
201 2168 447 2255 praepinguem,
470 2167 631 2233 dementia
659 2190 776 2255 operae
799 2180 857 2233 est.
892 2165 982 2248 Quid
1002 2180 1109 2253 potest
1131 2190 1261 2253 sperare

138 2268 195 2352 qui
217 2268 293 2333 colit
315 2270 429 2334 talem?

182 2368 244 2434 VI.
266 2372 297 2433 4.
329 2369 406 2434 Alia
433 2381 484 2434 est
512 2371 594 2435 ratio
617 2393 714 2455 quam
737 2370 906 2435 Britannia
927 2384 958 2436 et
982 2368 1090 2438 Gallia
1110 2371 1260 2436 invenere
1273 2383 1306 2427 ⁴2

139 2471 246 2536 alendi
278 2493 364 2547 eam3
397 2470 488 2555 ipsae
516 2518 610 2537 .....
641 2495 809 2559 genusque
840 2472 929 2555 quod
961 2485 1078 2537 vocant
1105 2495 1260 2558 margum.

142 2569 286 2658 Spissior
312 2572 442 2638 ubertas
469 2573 501 2636 in
531 2594 569 2637 ea
593 2573 789 2660 intellegitur
818 2584 849 2638 et
870 2572 1000 2655 quidem
1023 2583 1126 2636 terrae
1147 2572 1261 2657 adipes

138 2713 522 2773 nbusnomenterraaddatur3
539 2717 652 2770 v.t‚90.
672 2717 749 2770 8‚60.
765 2716 821 2761 145.
846 2750 876 2759 ..
895 2708 985 2772 sallat,
1001 2727 1024 2761 a.
1044 2707 1124 2772 fallit,
1137 2726 1156 2758 r.
1175 2709 1259 2772 fallet,

140 2775 213 2843 dstr.
232 2821 264 2830 -
290 2779 473 2841 siedaDalec.
499 2821 529 2829 ..
557 2787 635 2826 terrae
647 2776 783 2840 odare,r¹².
804 2818 834 2827 ..
854 2777 956 2839 incensa,
969 2779 1035 2827 Pint
1060 2816 1091 2826 ..
1114 2779 1260 2825 cumaeaeioi

139 2847 151 2894 i
189 2845 240 2896 bot
257 2849 325 2898 Pint.

150 2863 246 2978 nigdol
268 2915 307 2975 ait,
320 2932 342 2965 a
362 2957 393 2965 -
411 2923 453 2976 eat,
466 2912 784 2979 posteb'pendaoollocant
795 2910 846 2978 βγ.
866 2955 895 2962 ..
916 2911 1013 2973 eccela,
1025 2916 1048 2962 d.
1069 2953 1099 2962 ..
1118 2909 1206 2974 aliquo,
1219 2929 1242 2961 a.

174 2981 242 3042 541.
267 2983 420 3047 Byzaciaa.
443 2982 601 3046 Byzantiad
618 2979 702 3043 (codd.
715 2982 822 3033 Salmas.
835 2998 917 3032 exero.
931 2997 955 3044 p.
969 2987 1026 3031 226.
1038 2982 1062 3030 b.
1074 2979 1119 3042 E.)
1147 3021 1178 3030 .,
1207 2997 1259 3029 cen-

140 3057 195 3098 tena
206 3050 387 3115 qaiaqoapena;
399 3054 431 3101 de
443 3050 553 3101 Pintiani
565 3051 686 3113 opinione
697 3066 720 3099 v.
731 3053 763 3099 ad
774 3058 796 3110 5,
807 3056 847 3100 24.
861 3091 892 3099 -
906 3066 964 3109 eam,
974 3066 997 3098 a.
1012 3090 1042 3098 -
1060 3048 1152 3108 siccata,
1165 3051 1231 3098 adr¹
1243 3055 1259 3098 ·'.

140 3158 171 3165 ..
190 3117 290 3178 arabile,
303 3135 326 3168 a.
347 3159 377 3167 ..
395 3118 463 3182 iaapi
472 3134 542 3167 anam
554 3134 666 3166 vomerem
680 3117 817 3178 trahentem,
834 3110 955 3167 OTadr¹
966 3120 984 3166 ².
1003 3117 1166 3180 Quamquam
1178 3118 1259 3165 omni-

138 3187 186 3235 bus
199 3187 273 3235 codd.
285 3187 416 3250 hucusque
428 3187 529 3236 collatis
540 3186 725 3248 refragantibus
736 3186 867 3248 vulgatam
879 3181 912 3247 (β
916 3183 947 3248 γ)
964 3195 1050 3234 tamen
1061 3186 1209 3247 scripturam
1220 3200 1259 3233 re-

139 3254 213 3311 tinui,
229 3255 289 3317 quia
305 3265 407 3317 recepte
417 3255 462 3303 illa
474 3255 589 3303 codicum
600 3255 709 3303 lectione
720 3254 826 3302 verbum
836 3251 921 3313 scindi,
935 3255 1003 3315 quod
1016 3252 1103 3301 Dalec.
1117 3252 1182 3311 lecit,
1200 3261 1260 3315 post

138 3337 162 3369 v.
174 3318 276 3369 vidimus
287 3323 466 3372 collocandum
478 3330 551 3382 esset,
563 3331 589 3370 et
599 3323 669 3385 quod
680 3337 725 3383 per
737 3325 842 3371 eandem
854 3322 970 3370 codicum
982 3320 1117 3369 lectionem
1129 3321 1205 3368 cardo
1215 3321 1259 3380 rei,

139 3389 221 3437 asello
234 3397 260 3438 et
271 3406 323 3439 anu
335 3405 452 3454 campum
465 3390 553 3448 scindi,
564 3404 668 3452 prorsus
679 3389 790 3449 tollitur3
808 3390 915 3437 nimium
929 3396 983 3437 tum
1000 3389 1118 3436 tribuitur
1128 3389 1216 3447 asello,
1234 3395 1259 3436 et

138 3456 302 3506 iunctaanus
318 3473 446 3507 vomerem
458 3459 561 3506 trahens
577 3457 630 3506 lere
647 3471 802 3519 supervacua
818 3458 923 3505 videtur.
943 3496 973 3504 -
998 3462 1069 3513 terra,
1082 3471 1105 3503 a.
1124 3495 1154 3503 ..
1179 3454 1258 3512 ettam,

138 3524 172 3573 K.
193 3564 218 3572 -
243 3531 311 3585 terre,
323 3540 346 3574 a.
366 3566 396 3575 ..
421 3522 568 3583 emendandi,
580 3541 603 3573 a.
627 3522 755 3582 emendat,
768 3525 783 3571 d
788 3519 838 3587 βγ.
860 3525 902 3574 De
914 3524 959 3572 illo
972 3539 1019 3572 usu
1032 3523 1146 3585 gerundii
1158 3537 1180 3570 v.
1193 3535 1258 3584 quae

138 3592 238 3640 monuit
250 3593 328 3643 Haas.
340 3595 373 3642 ad
385 3593 478 3655 Reisig.
491 3592 571 3642 schol.
584 3601 716 3654 grammat.
728 3592 784 3641 Lat.
797 3606 821 3654 p.
836 3596 884 3641 769
896 3606 948 3653 seq.
970 3592 1013 3639 Ex
1021 3591 1105 3639 Plinio
1121 3598 1179 3653 apte
1187 3603 1259 3636 corn«

138 3661 220 3722 parari
233 3667 319 3722 potest
330 3659 432 3708 ambitae
442 3658 577 3722 adoptandi
587 3666 627 3720 25,
641 3665 681 3708 22.
700 3700 730 3708 ..
754 3659 876 3721 recipiant,
889 3663 925 3707 a’.
950 3699 980 3707 -
1010 3657 1103 3713 intecta,
1115 3673 1138 3705 a.
1161 3694 1193 3703 ..
1217 3652 1257 3701 de-

138 3726 233 3786 mentia,
250 3719 321 3777 Oad.
345 3726 542 3788 darentiae,r¹².
562 3768 593 3776 -
617 3743 703 3789 operae
714 3734 755 3787 eat,
769 3728 826 3775 dr2.
849 3733 971 3788 operaest,
987 3718 1036 3773 Oa.
1065 3721 1161 3786 operari
1170 3723 1257 3779 «εἰμ’.

139 3834 170 3842 ..
193 3793 458 3858 Qaidpotertsperara
471 3787 603 3844 Tenere
626 3793 690 3857 qaod
699 3793 947 3856 patertsaperari,r¹.
974 3790 1108 3849 Quidenim
1118 3794 1257 3849 potestspe-

138 3876 202 3921 rare‚
213 3857 243 3923 β.
262 3904 292 3912 -
312 3862 367 3912 colit
380 3861 456 3924 talem,
469 3866 523 3912 ar‘·'.
541 3860 586 3911 alii
596 3861 673 3922 talem,
689 3855 717 3910 θ.
736 3859 790 3909 colit
802 3869 897 3919 terram,
909 3865 942 3910 r'.
961 3860 1030 3908 talem
1043 3855 1104 3909 colit,
1117 3849 1188 3915 ἀβγ.
1208 3918 1213 3928 .

172 3932 242 3993 §⁴2-
268 3930 489 3987 Britanniam.
509 3970 540 3978 ..
565 3928 669 3989 Galliae,
682 3933 705 3979 d.
726 3970 756 3978 -
779 3929 853 3992 ipsae,
865 3930 899 3977 D.
922 3929 1016 3991 ipseo.
1040 3924 1100 3984 ipsa,
1113 3915 1184 3996 dssl·
1202 3920 1257 3981 ⁸P⁸¹l

137 4013 157 4045 r.
177 4038 208 4046 -
226 4013 345 4061 penusque
357 3996 427 4061 qaod,
439 3999 563 4047 DTadr.
587 3995 650 4060 qaod
658 4014 738 4060 penus,
751 3992 802 4059 βγ.
825 3998 883 4057 Ego
896 3996 1010 4044 omnium
1022 3991 1095 4038 codd.
1108 3995 1256 4048 scripturam

138 4066 306 4128 recipiendam
319 4074 388 4115 ratus
400 4080 539 4129 pronomen
551 4065 625 4128 ipsae,
643 4079 700 4114 cum
717 4066 796 4125 vulgo
813 4063 867 4124 ipsa
878 4065 910 4111 ad
922 4063 1005 4123 priora
1016 4054 1159 4110 referretur,
1175 4055 1207 4102 ad
1219 4071 1257 4105 se·

138 4133 242 4195 quentia
252 4135 329 4184 retuli
340 4143 365 4182 et
373 4133 491 4183 lacunam
503 4133 618 4182 indicavi.
637 4130 719 4179 alendi
729 4147 788 4179 cani.
809 4129 887 4192 Gypsi
895 4143 968 4190 penus
980 4131 1020 4180 ests
1033 4120 1127 4195 Dulce..
1140 4159 1170 4166 —
1194 4136 1257 4170 mar·

136 4196 194 4257 Iam,
207 4217 226 4250 r.
247 4241 277 4249 ,
296 4200 475 4260 iaeaabatas,
488 4202 511 4249 d.
530 4198 737 4262 exeocollt'pitar,
749 4200 782 4248 K.
802 4235 833 4244 ..
856 4191 991 4255 etquidem,
1004 4205 1026 4237 θ·
1051 4183 1190 4246 diffidam,
1203 4191 1257 4240 Τὰ.

138 4263 657 4332 Estaaemqnaidam,ss7.v.ada,11a
677 4306 709 4314 -
728 4263 819 4326 adipes,
831 4264 874 4310 ad.
893 4257 974 4321 adeps,
986 4252 1036 4318 βγ.
