2896 4792
195 296 258 363 322
548 309 752 359 sarculus
774 309 969 358 merosum

195 472 381 531 mentastro.
403 461 543 529 Prodest
558 471 589 527 et
603 471 716 527 contra
737 462 877 549 suspiria
898 473 931 528 ct
953 461 1066 526 tussim
1088 483 1161 528 cum
1182 462 1327 549 origano

195 574 227 630 et
253 564 328 630 vino
361 563 458 642 dulci,
481 564 619 649 pectoris
641 561 806 629 doloribus
828 563 994 629 decoctum
1011 563 1046 626 in
1066 562 1149 630 lactc
1170 563 1307 651 caprino
1314 588 1325 641 ς

192 688 293 752 panos
320 665 450 731 discutit
476 688 550 732 curn
576 665 648 751 pice
670 665 869 750 extrahitque
892 663 1018 749 corpori
1046 664 1173 729 aculeos
1196 677 1229 731 et
1250 687 1325 731 ma·

193 769 283 835 culas
303 766 429 835 inlitum
451 790 492 832 ex
513 777 603 832 aceto
610 793 619 845 3
649 779 761 832 contra
787 767 999 835 carcinomata
1023 765 1161 831 adicitur
1183 789 1326 834 ovorum

108 886 110 891 ·
193 870 311 935 album.
339 868 386 934 Et
406 867 545 935 lienibus
567 867 712 934 inlinitur
733 890 774 933 ex
788 877 889 946 aceto,
910 867 1087 932 infantibus
1101 889 1177 933 vero
1192 890 1211 932 e
1224 868 1325 935 melle
1341 887 1393 934 ras

193 970 372 1036 utilissime.
406 967 538 1034 Sextius
560 968 659 1034 adicit
686 979 794 1034 ustum
822 969 982 1056 serpentis
1011 970 1139 1054 fugare,
1173 966 1322 1057 scorpio-
1378 980 1381 985 “

192 1072 290 1139 nibus
311 1071 480 1150 resistere,
515 1070 630 1156 capitis
662 1070 766 1135 dolori
792 1082 903 1136 contra
928 1071 986 1148 irs,
1022 1070 1185 1156 alopecias
1207 1094 1322 1138 emcn-

192 1173 263 1238 dari
291 1172 401 1237 addito
423 1170 538 1258 sinapi,
560 1170 752 1259 gravitatem
772 1172 901 1237 aurium
926 1172 1003 1236 trito
1023 1172 1162 1258 inposito
1183 1172 1323 1241 auribus

192 1297 265 1342 oum
286 1274 362 1352 fico,
392 1273 537 1340 dentium
551 1273 680 1339 dolores
702 1272 808 1338 infuso
829 1273 864 1337 in
887 1273 975 1339 auris
998 1295 1092 1351 suco,
1119 1275 1322 1362 porriginem

157 1460 160 1467 Ι
193 1386 226 1443 et
245 1377 354 1442 ulcera
375 1376 490 1462 capitis
512 1397 586 1441 cum
607 1374 703 1460 adipe
733 1374 891 1441 anserino.
924 1373 1127 1441 Furunculos
1147 1378 1324 1461 concoquit
1340 1395 1391 1440 rao

120 1479 123 1488 ⁴
192 1501 266 1546 cum
298 1479 471 1554 fermento,
507 1476 717 1542 carbunculos
751 1476 793 1541 ad
821 1477 1085 1562 suppurationem
1110 1478 1260 1562 perducit
1286 1491 1323 1545 et

191 1581 324 1668 rumpit,
352 1577 581 1666 phagedaenas
609 1578 752 1643 ulcerum
774 1588 936 1663 expurgat
957 1599 1030 1642 cum
1056 1578 1148 1643 melle
1160 1603 1169 1654 3
1197 1601 1321 1646 coxen-

190 1683 322 1766 dicibus
345 1693 378 1748 et
397 1679 793 1764 lumbiscumpolentaex
815 1691 904 1756 aceto
915 1679 1071 1758 inlinitur,
1094 1680 1170 1745 item
1187 1681 1320 1762 licheni,

196 1785 362 1872 unguibus
385 1781 522 1860 scabris3
545 1781 667 1867 quippe
683 1791 799 1846 natura
813 1782 882 1847 eius
898 1782 1037 1848 caustica
1059 1791 1124 1847 est·
1137 1779 1322 1870 Optumum

194 1898 304 1953 autem
326 1882 561 1968 Babylonium3
585 1882 724 1949 silvestri
745 1883 915 1950 adomnia
937 1907 976 1949 ea
997 1884 1129 1951 effectus
1150 1885 1261 1950 maior.

236 1990 289 2053 51.
310 1986 351 2050 In
372 1985 556 2071 praecipuis
577 1993 685 2050 autem
706 1985 975 2051 medicaminibus
995 1997 1068 2050 ruta
1089 1998 1147 2052 est.
1184 1987 1322 2054 Latiora
1339 2003 1387 2048 rar

199 2089 324 2154 sativae
346 2088 442 2166 folia,
471 2088 553 2152 rami
579 2087 813 2166 fruticosicres;
859 2088 1016 2155 silvestris
1035 2089 1164 2155 horrida
1183 2089 1224 2154 ad
1238 2090 1321 2156 effe·

194 2200 282 2257 ctum
305 2189 452 2255 estetad
474 2189 583 2254 omnia
603 2189 717 2255 acrior.
739 2187 845 2255 Sucus
868 2190 1068 2277 exprimitur,
1090 2202 1184 2256 tunsa
1205 2201 1237 2256 et
1258 2191 1321 2256 ad-

194 2313 306 2378 spersa
321 2291 445 2357 modice
460 2313 554 2376 aqua,
577 2291 658 2357 etin
673 2292 795 2378 pyxide
811 2290 937 2378 Cypria
958 2294 1164 2368 adservatum
1186 2292 1240 2358 hic
1262 2315 1321 2359 oo-

193 2393 315 2481 piosior
336 2394 431 2458 datus
453 2392 568 2460 veneni
589 2393 722 2459 noxiam
742 2394 877 2481 optinet,
899 2395 933 2459 in
954 2393 1148 2459 Macedonia
1168 2415 1323 2461 maxume

194 2494 287 2561 iuxta
314 2494 434 2561 flumen
456 2495 697 2575 Aliacmonem,
730 2495 909 2580 mirumque
935 2496 1060 2562 cicutae
1088 2517 1166 2561 suco
1194 2498 1320 2562 exstin-

194 2596 322 2682 guitur3
346 2597 425 2662 adeo
447 2597 543 2663 etiam
566 2619 764 2664 venenorum
785 2621 909 2665 venena
932 2605 1023 2676 sunt,
1045 2597 1173 2681 quando
1192 2598 1322 2664 cicutae
1410 2672 1413 2676 .

195 2719 292 2764 sucus
312 2699 447 2784 prodest
467 2699 616 2766 manibus
644 2710 677 2765 et
802 2700 1021 2787 colligentium
1047 2708 1161 2764 rutam.
1200 2698 1390 2765 Ceteram

193 2797 276 2865 inter
295 2801 399 2887 prima
418 2801 572 2867 miscetur
592 2800 742 2867 antidotis
764 2802 1001 2887 praecipueque
1023 2798 1172 2866 Galatica
1178 2825 1187 2878 3
1216 2821 1320 2883 quae·

194 2923 332 2985 cumque
354 2912 460 2967 autem
481 2913 555 2968 ruta
576 2913 609 2968 et
637 2925 697 2988 per
718 2925 753 2969 se
773 2926 834 2990 pro
855 2902 1000 2970 antidoto
1021 2903 1107 2969 valet
1127 2901 1212 2967 foliis
1234 2901 1322 2968 tritis

195 3013 228 3066 et
250 3025 291 3067 ex
305 3001 381 3067 vino
396 3004 544 3087 sumptis,
564 3014 674 3068 contra
689 3004 852 3070 aconitum
865 3027 1015 3070 maxume
1037 3015 1070 3070 et
1083 3005 1218 3081 viscum,
1239 3003 1321 3068 item

194 3103 325 3189 fungos,
348 3102 471 3169 sivein
493 3116 573 3190 potu
595 3105 690 3170 detur
711 3104 833 3172 sivein
855 3105 945 3183 cibo;
970 3106 1066 3173 simili
1087 3106 1183 3172 modo
1205 3114 1320 3171 contra

228 3292 333 3419 ma
341 3278 427 3422 aldium,
439 3377 454 3411 a
467 3359 553 3425 (codd.
566 3362 637 3427 Gel.)
655 3370 688 3424 ut,
702 3366 726 3414 d.
751 3404 782 3413 ..
805 3362 885 3413 dolori
893 3371 976 3414 contro
988 3362 1030 3426 ire,
1043 3365 1109 3414 Tc·
1121 3361 1200 3414 dolore
1211 3365 1321 3424 contrite,

194 3443 217 3478 a
236 3425 327 3477 dolores
338 3429 437 3478 contrito
448 3438 478 3492 et,
489 3424 540 3495 βγ.
559 3472 590 3481 ..
610 3429 738 3494 emendari,
751 3447 774 3481 a.
793 3430 924 3494 emendare,
937 3433 990 3483 Τὰ.
1009 3473 1040 3481 -
1059 3431 1150 3494 addito,
1161 3447 1212 3482 om.
1224 3447 1247 3482 a

228 3514 314 3577 5130.
343 3512 468 3579 nequitus,
485 3517 531 3566 ad.
557 3515 611 3565 item
626 3514 749 3581 caputius,
765 3512 817 3581 βγ.
842 3556 873 3566 ..
899 3515 1013 3581 silvestre,
1031 3520 1054 3568 d.
1078 3516 1160 3579 silure,
1176 3533 1199 3568 n.
1224 3556 1255 3565 ..
1283 3513 1323 3565 ad

195 3579 282 3641 omnio,
294 3584 339 3632 ad.
357 3598 412 3630 vero
423 3581 459 3631 od
468 3583 555 3645 omnio,
567 3578 618 3648 βγ.

229 3663 315 3726 5131.
341 3665 490 3729 Lacerari.
508 3668 614 3731 retias.
631 3669 966 3731 Dcrov.Dioscor.³,45.
985 3710 1017 3719 ..
1031 3667 1141 3732 fervida,
1153 3670 1186 3719 Κ.
1204 3709 1234 3718 ..
1259 3668 1319 3731 offir-

195 3734 318 3794 ctru,'l'd.
338 3775 370 3784 ..
394 3742 503 3796 tonsas.
522 3777 554 3786 ..
578 3739 708 3799 aqnaad.
733 3737 790 3788 Om.
803 3751 827 3801 γ.
847 3777 878 3786 ..
903 3752 997 3798 noxam,
1010 3738 1057 3787 Tr.
1075 3778 1107 3787 ..
1126 3733 1319 3797 iaMocedoaia,

195 3801 220 3852 d.
246 3800 457 3865 Macedonicas.
475 3843 508 3854 -
535 3802 705 3865 Haliacmona,
716 3806 832 3855 Dioscor.
858 3802 1008 3866 Anocimum,
1023 3798 1095 3855 θεά.
1118 3845 1150 3854 ..
1176 3801 1317 3868 quondaa.

196 3869 285 3920 Omitt.
298 3870 353 3920 Τὰ.
371 3912 402 3920 ..
425 3879 456 3934 ct,
468 3872 541 3922 Tad.
560 3873 650 3924 Omitt.
661 3867 719 3937 βγ;
731 3881 759 3923 at
769 3873 938 3936 recipiendam
951 3874 1070 3936 copulam
1083 3875 1153 3930 duxi,
1165 3874 1202 3923 its
1212 3880 1242 3922 ut
1252 3885 1318 3935 pun-

195 3937 243 3986 ctis
254 3937 343 4000 positis
354 3939 529 4002 voccmfacici
537 3936 596 4002 (δεῖ
606 3937 639 3988 δὲ
648 3935 905 4003 προαλειψαμένους
912 3936 943 3990 τὸ
953 3937 1095 4005 πρόσωπον
1104 3936 1150 3990 καὶ
1160 3935 1211 3998 τὰς
1217 3939 1320 4006 χεῖρας
1345 3968 1348 3975 ·

195 3997 267 4053 οὕτω
279 4000 430 4070 συλλέγειν,
443 4006 575 4072 Dioscor.)
586 4009 711 4058 excidisse
723 4008 897 4070 significarem.

229 4091 315 4152 5132.
342 4088 454 4151 Galatia,
466 4106 489 4142 a.
512 4130 544 4142 ..
572 4099 595 4140 et
603 4107 661 4155 per3
671 4105 719 4154 pro
732 4093 773 4142 his
784 4107 824 4141 vv.
837 4092 932 4143 habent
943 4101 987 4142 aar
994 4096 1095 4157 parad.
1121 4134 1152 4142 ..
1180 4099 1255 4154 ctea3
1269 4102 1317 4155 pro

195 4156 287 4206 hisvv.
300 4158 501 4223 habotetproa
519 4161 578 4209 σιὰ,
596 4200 626 4208 -
645 4156 738 4218 similia,
751 4161 775 4208 d.
794 4200 826 4209 -
843 4175 875 4220 se,
888 4163 976 4211 omd.

229 4221 315 4284 §lata
342 4223 394 4274 sed
409 4225 500 4289 valeat,
517 4229 590 4279 Tad.
623 4222 788 4291 Valeat,ssr.
822 4226 903 4289 Valet,
920 4229 953 4280 K.
979 4268 1011 4279 -
1038 4227 1197 4292 scorpionum,
1216 4217 1318 4275 orac.

195 4290 344 4354 scorpionum
356 4290 425 4355 ictam,
436 4289 466 4356 β.
485 4336 516 4344 -
535 4308 686 4356 araneorum,
698 4293 771 4347 Tad.
789 4302 872 4345 conco
883 4311 1033 4359 araneos-scm,
1048 4290 1099 4361 θγ.
1119 4335 1150 4344 ..
1168 4292 1258 4359 aptita
1269 4293 1318 4343 ad.
