2896 4792
201 289 265 356 384
552 299 758 351 samnius
779 299 976 350 merorum

201 456 340 524 voluisse
360 440 508 520 naturam
528 453 570 518 iis
591 450 784 517 arbitremur
803 450 942 531 insidiis,
964 460 1001 516 ut
1021 449 1063 518 ab
1077 449 1193 517 iisdem
1207 450 1332 538 apibus

199 580 259 624 nec
285 554 433 622 omuibus
459 554 554 621 annis
578 552 694 620 flerent
721 562 862 618 autnon
884 552 959 619 totis
981 551 1086 618 favis?
1118 574 1233 638 parum
1256 565 1333 620 erat

200 659 351 746 genuisse
373 678 452 735 rem,
474 655 509 720 in
523 677 588 739 qua
600 675 758 721 venenum
772 653 923 720 facillime
936 653 1083 730 daretur3
1106 654 1246 719 etiamne
1263 653 1331 722 hoc
1380 708 1384 712 .

199 760 273 847 ipsa
291 760 327 826 in
347 757 442 824 melle
463 766 510 822 tot
530 755 722 822 animalibus
743 754 853 821 dedit?
880 754 961 840 quid
982 755 1043 820 sibi
1064 754 1176 834 voluit,
1201 754 1268 821 nisi
1291 768 1332 821 nt

199 860 377 929 cautiorem
397 858 568 943 minusque
590 857 720 922 avidum
741 857 863 923 faceret
883 855 1062 922 hominem?
1097 857 1272 922 nonenim
1295 866 1332 923 et

198 962 280 1049 ipsis
302 959 417 1048 apibus
438 959 503 1024 iarn
524 958 675 1045 cuspides
696 958 829 1024 dederat
852 956 1034 1041 etquidem
1055 968 1247 1036 venenatae,
1269 978 1329 1024 re·

197 1063 305 1130 medio
337 1060 493 1126 adversus
519 1059 579 1125 has
605 1059 716 1143 utique
747 1080 812 1124 non
845 1058 1042 1125 differendo?
1074 1059 1165 1147 Ergo
1196 1059 1331 1125 malvae

199 1185 278 1232 suco
299 1172 356 1227 ant
376 1161 525 1226 foliorum
547 1159 683 1226 hederae
700 1159 862 1249 perungui
883 1160 1022 1226 salutare
1043 1172 1093 1225 est
1112 1159 1165 1226 rel
1186 1180 1330 1245 percus-

29 1238 33 1247 Ι
103 1291 114 1305 ·
199 1286 253 1331 sos
278 1284 333 1329 eas
361 1260 479 1328 bibere
509 1259 633 1326 Mirum
654 1271 761 1328 tamen
783 1252 835 1327 est
860 1283 984 1327 venena
1004 1262 1162 1347 portantis
1183 1283 1239 1327 ore
1260 1260 1330 1327 fin·

198 1365 369 1455 gentisque
399 1362 489 1449 ipsas
519 1383 585 1427 non
616 1363 714 1441 mori,
753 1361 816 1428 nisi
849 1363 936 1447 quod
966 1363 1023 1429 illa
1052 1362 1182 1428 domina
1213 1385 1332 1431 rerum

198 1465 340 1533 omnium
360 1463 443 1530 hanc
465 1462 555 1529 dedit
582 1463 832 1550 repugnantiam
859 1462 974 1549 apibus
1009 1462 1091 1530 sicut
1117 1473 1231 1531 contra
1253 1486 1330 1531 ser·

197 1568 305 1656 pontis
326 1564 448 1650 Psyllis
468 1562 654 1648 Marsisque
675 1563 760 1629 inter
780 1563 936 1629 homines.

239 1666 337 1734 XIV.
370 1665 423 1730 46.
458 1663 561 1729 Aliud
593 1664 628 1729 in
656 1660 756 1730 Creta
783 1664 973 1731 miraculum
1001 1664 1114 1731 mellis.
1148 1664 1249 1731 Mons
1277 1676 1333 1733 est
1346 1679 1379 1728 ta

199 1764 321 1835 Carme
340 1788 413 1831 vnn
430 1788 455 1830 u
476 1780 632 1850 passuum
652 1764 794 1845 ambitu,
816 1766 902 1831 intra
923 1765 1011 1850 quod
1033 1766 1171 1851 spatium
1192 1788 1333 1834 muscae

196 1889 262 1935 non
289 1866 494 1953 reperiuntur
519 1875 694 1950 natumque
722 1864 769 1931 ibi
795 1867 860 1933 mel
880 1888 1040 1950 nusquam
1061 1868 1240 1956 attingunt3
1263 1867 1332 1936 hoc

197 1967 418 2054 experimento
440 1968 603 2053 singulare
624 1967 870 2034 medicamentis
890 1968 1041 2054 exigitur.

240 2071 293 2134 47.
328 2067 481 2135 Alvearia
507 2068 661 2134 orientem
690 2069 960 2152 aequinoctialem
986 2079 1132 2155 spectare
1153 2071 1312 2136 convenit
1319 2095 1329 2149 3
1344 2085 1380 2132 eo

198 2170 381 2256 aquilonem
408 2171 545 2248 evitent,
574 2192 636 2236 nec
661 2169 825 2236 favonium
846 2170 964 2236 minus.
999 2166 1102 2237 Alvos
1130 2182 1281 2257 optumas
1309 2195 1331 2239 e

199 2271 328 2350 cortice,
351 2270 509 2336 secundas
529 2269 643 2348 ferula,
666 2270 779 2337 tertias
800 2271 934 2350 vimine,
956 2270 1048 2336 multi
1070 2284 1102 2337 et
1123 2293 1142 2339 e
1165 2273 1331 2358 speculari

198 2369 308 2457 lapide
329 2370 435 2438 fecere
455 2381 494 2436 ut
514 2369 679 2458 operantis
699 2372 788 2438 intus
810 2383 1003 2458 spectarent
1027 2369 1216 2439 Circumlini
1233 2373 1330 2440 alvos

198 2471 274 2538 iimo
300 2471 421 2539 bubulo
447 2470 669 2552 utilissimum,
699 2474 883 2559 operculum
910 2497 930 2539 a
957 2484 1050 2562 tergo
1078 2496 1151 2540 esse
1178 2472 1330 2541 ambula-

199 2573 316 2639 torium
348 2584 384 2639 ut
414 2575 598 2660 proferatur
629 2573 727 2652 intus,
759 2574 787 2640 si
807 2596 927 2664 magna
960 2575 1002 2641 sit
1032 2575 1122 2641 alvos
1145 2585 1201 2640 aut
1229 2575 1330 2641 steri-

198 2674 240 2740 lis
267 2676 430 2761 operatio,
462 2696 505 2741 ne
531 2675 758 2761 desperatione
785 2697 895 2741 curam
922 2674 1076 2755 abiciant3
1108 2674 1143 2740 id
1169 2676 1331 2763 paulatim

234 2847 249 2909 ἓ
264 2851 302 2900 78.
325 2846 369 2910 his,
380 2849 415 2898 V.
434 2889 465 2899 -
484 2847 582 2910 liudem,
594 2850 629 2899 V.
647 2889 679 2899 -
698 2863 739 2896 nec
751 2847 992 2913 amariae-aprima,
1006 2864 1056 2898 om.
1068 2849 1093 2900 d.
1112 2890 1144 2899 ..
1163 2864 1252 2912 param
1264 2857 1329 2913 erat,

200 2917 274 2966 codd.
286 2916 367 2967 Hard.
389 2931 478 2979 parum
494 2915 555 2964 enim
571 2923 631 2978 erat,
648 2911 705 2976 Rst.
728 2931 818 2979 parum
834 2923 887 2964 erat
902 2915 971 2977 enim,
983 2917 1017 2966 V.
1037 2956 1068 2967 -
1091 2932 1136 2965 noc
1151 2916 1212 2964 enim
1224 2924 1248 2964 et
1258 2915 1330 2980 ipsa's,

199 2984 263 3035 RV.
286 2999 333 3031 ror
344 2981 404 3031 enim
416 2982 464 3047 ipsi
473 2980 522 3042 sed,
534 2980 608 3046 δρφ.
631 2997 678 3030 noa
690 2981 752 3031 enim
763 2982 811 3046 apsi
821 2980 857 3040 de,
869 2981 896 3032 c.
920 3000 966 3032 non
978 2982 1039 3032 enim
1050 2983 1099 3047 ipsi
1108 2982 1173 3032 melli
1182 2981 1232 3044 aad,
1243 2979 1274 3044 β.
1295 3025 1330 3035 -

201 3052 286 3114 apuleo
297 3047 522 3113 iam,RVddpp.
548 3048 738 3113 ramoprlmqr.
758 3089 789 3100 -
811 3049 913 3111 molbae,
925 3053 958 3101 R.
977 3091 1009 3101 -
1027 3050 1126 3107 hederis,
1140 3053 1164 3100 d.
1182 3092 1213 3100 -
1235 3066 1330 3114 perua-

199 3117 316 3182 9ui,Rd.
343 3115 422 3180 arqui,
438 3110 497 3166 dv.
518 3155 548 3165 -
571 3115 698 3178 adbibere,
710 3118 741 3167 Τ.
760 3158 790 3166 -
814 3116 894 3175 mone,
906 3120 938 3168 R.
958 3159 989 3168 ..
1011 3117 1110 3184 Peplls‘s,
1123 3119 1147 3168 d.
1173 3116 1279 3182 Phyllis,
1292 3120 1329 3171 V.

201 3182 318 3250 appella,
329 3184 361 3232 R.
379 3224 411 3233 ..
429 3183 575 3246 Maestaque,
587 3185 619 3234 R.
639 3225 670 3234 ,
689 3183 750 3232 inter
761 3182 872 3245 leminea,
885 3186 953 3235 delet
963 3188 1031 3237 Pint.

235 3286 304 3348 579.
330 3281 415 3347 mollis,
429 3285 462 3335 R.
482 3324 513 3334 -
540 3281 636 3345 Corma,
652 3285 706 3336 Rd.
735 3281 834 3348 Carina,
854 3277 940 3348 θΤβ.
966 3285 1078 3347 Norico,
1097 3302 1161 3337 nnus
1177 3285 1330 3337 cod.Hard.

204 3347 303 3412 Coruin,
314 3352 393 3403 Hard.
404 3393 435 3402 ..
452 3349 639 3413 VIIII,·RVd.
663 3349 737 3415 VIII,
750 3346 779 3403 θ.
789 3394 821 3404 ..
831 3353 897 3402 intra
909 3351 978 3416 quod,
991 3355 1047 3404 Vd.
1065 3370 1119 3418 quo,
1130 3353 1163 3404 R.
1173 3394 1204 3403 ..
1214 3351 1330 3417 eaiyitrm

205 3411 315 3470 OVTd.
334 3418 435 3485 alipilum
447 3415 527 3485 Rssr.
545 3421 579 3470 V.
593 3419 705 3472 Gronov.
718 3423 752 3471 ad
761 3422 818 3473 Liv.
830 3423 957 3475 XXXIV.
971 3428 994 3484 9,
1007 3427 1030 3472 9.

236 3518 305 3580 880.
323 3519 436 3583 Alveria,
448 3523 504 3572 Vd.
522 3520 637 3584 Allaria,
648 3522 681 3572 R.
701 3563 733 3573 ..
751 3523 871 3584 mnndum,
884 3525 915 3573 R.
935 3564 965 3574 -
990 3521 1134 3587 aquilonare,
1146 3523 1177 3572 R.
1190 3563 1222 3572 .-
1241 3521 1330 3586 Alvos,

202 3587 286 3638 RVd.
304 3587 388 3648 Alvus,
401 3591 432 3639 Τ.
453 3587 578 3651 Αἰυιανία,
590 3586 620 3651 β.
640 3630 671 3640 -
689 3589 792 3654 optimos
802 3605 822 3652 e,
835 3591 947 3642 Gronov.
971 3599 1070 3656 optume,
1082 3593 1114 3642 R
1136 3589 1229 3653 optim,
1240 3590 1329 3642 VTd.

203 3652 293 3717 optima
304 3671 324 3716 e,
335 3650 365 3716 β.
384 3697 415 3706 ,
432 3656 557 3718 secundas,
570 3658 683 3709 Gronov.
706 3656 817 3720 secuudu,
829 3654 939 3720 vad.
958 3700 989 3709 ..
1009 3657 1099 3716 totino,
1112 3657 1223 3709 Gronov.
1246 3658 1330 3721 terrra,

203 3717 312 3783 RVdss.
332 3762 363 3772 -
382 3721 450 3771 multi
459 3731 488 3782 et,
500 3725 584 3775 VTd.
602 3724 672 3774 multi
681 3741 723 3774 ear
733 3733 763 3786 et,
771 3721 822 3790 βγ.
840 3725 909 3775 multi
918 3726 974 3776 estse
984 3734 1014 3785 et,
1026 3727 1058 3786 R,
1073 3729 1139 3776 uude
1151 3727 1331 3788 retingendum

203 3796 266 3853 puto
279 3787 371 3839 multia
382 3791 468 3839 nostru
479 3800 502 3839 et
513 3793 573 3842 coll.
589 3799 628 3854 ll,
641 3799 681 3843 49.
700 3833 731 3842 -
750 3791 885 3854 &peculari
897 3795 928 3844 R.
947 3835 978 3844 ..
989 3794 1085 3857 savera
1097 3794 1129 3845 R.
1148 3833 1180 3843 ..
1197 3793 1330 3856 sperantia

203 3856 289 3907 BVd.
308 3898 340 3908 -
366 3855 441 3916 abor,
457 3860 542 3909 RVd.
569 3858 660 3921 alveos,
678 3862 752 3910 codd.
766 3860 822 3911 Gel.
833 3857 862 3922 β.
881 3861 938 3912 Om.
951 3863 983 3912 T.
1003 3902 1034 3911 ..
1062 3860 1147 3920 bobbo,
1159 3863 1183 3910 d.
1202 3901 1233 3908 -
1256 3876 1331 3924 oper·

202 3921 291 3988 palam,
300 3925 332 3975 R.
344 3966 376 3975 ..
389 3924 536 3988 proseratur,
548 3928 621 3977 codd.
632 3927 689 3979 Gel.
704 3934 857 3991 properatur,
866 3929 928 3978 RV.
943 3926 1112 3993 prospiciatur,
1122 3930 1174 3979 Τᾱ.
1183 3969 1214 3978 ,
1229 3943 1331 3992 mappa,

205 3984 397 4056 daverdcp.
419 4008 526 4058 mopsus,
539 3995 562 4044 Τ
575 3992 661 4056 (codd.
675 3991 744 4054 Gal)
755 3989 784 4054 β.
804 4009 915 4058 mappam
927 4003 957 4055 et,
970 4011 999 4060 φ.
1018 4036 1050 4047 -
1067 3995 1108 4057 ait,
1123 3987 1301 4061 davudop

203 4056 290 4119 (codd.
312 4058 383 4121 Gal.)
400 4059 456 4121 siat,
468 4058 508 4110 ιδ.
536 4100 567 4110 ..
594 4059 669 4122 alvos,
694 4055 1009 4122 duv1.alvus,uv²c.
1031 4061 1120 4124 alveus,
1141 4065 1213 4112 codd.
1226 4011 1330 4126 Geli.

203 4123 321 4188 alvwria,
332 4124 374 4177 ιδ.
397 4126 524 4189 clareamus,
535 4125 563 4177 d.
585 4126 706 4188 alvearia,
716 4141 770 4192 ρῳ.
789 4169 820 4179 -
844 4145 872 4179 ne
884 4129 1053 4196 desperatione,
1066 4133 1082 4180 d
1094 4127 1181 4193 (codd.
1195 4128 1267 4193 Gel.)
1290 4129 1331 4182 ds·-

203 4192 345 4256 aarum,
360 4195 394 4245 V.
417 4235 448 4244 -
474 4211 504 4244 oc
517 4193 638 4260 paulatim
655 4193 789 4258 reducatur,
805 4197 839 4247 K.
864 4197 892 4246 ιιι·
901 4196 1021 4262 paulatim
1037 4197 1276 4260 reducatuqnalee.
1296 4240 1331 4251 .-

204 4257 355 4322 inoremcnto,
367 4259 537 4327 avcddpp
550 4261 637 4325 (codd.
651 4262 721 4325 Gel.)
738 4271 889 4330 orpamenta
902 4266 934 4317 Τ.
954 4273 1091 4331 oapmeato,
1102 4267 1170 4318 Pina
1195 4305 1227 4316 ..
1249 4264 1330 4330 aleos,
