2896 4792
352 275 421 322 nm.
439 276 498 321 ux.
528 273 606 320 car.
623 273 713 320 xvu.
729 273 831 320 xvru.
861 270 958 319 sacr.
975 271 1057 315 aaa
1199 253 1262 317 339

142 428 217 496 vino
227 424 349 499 bibitur
360 424 462 492 somni
473 445 588 499 cauaa3
612 444 720 489 semen
731 421 942 506 elephantiasi
953 420 1107 488 medetur.
1130 419 1264 506 Enigro

142 549 304 616 papavere
328 547 425 612 sopor
450 524 596 612 gignitur
619 545 715 609 scapo
736 521 853 599 inciso,
886 534 923 588 ut
949 521 1113 609 Diagorae
1140 522 1262 600 suadet,

143 634 218 697 oum
240 627 410 713 turgescit,
443 637 479 692 ut
500 625 613 703 Iollas,
636 647 708 690 cum
730 623 927 701 deflorescit,
960 623 1039 691 hora
1067 624 1172 690 cerani
1199 622 1265 689 diei

144 729 254 808 tertia,
282 727 342 795 hoc
370 737 419 809 eat
447 747 520 793 cum
546 747 600 790 ros
621 726 656 790 in
678 747 716 792 eo
737 725 909 793 exaruerit
945 725 1050 792 Incidi
1071 724 1183 791 iubent
1205 725 1265 792 sub

144 830 249 916 capite
270 840 303 895 et
323 827 446 911 calyce,
474 848 535 892 nec
560 826 594 890 in
616 826 680 890 alio
705 847 824 911 genere
850 825 957 912 ipsum
977 825 1132 891 inciditur
1158 837 1265 911 caput.

93 942 96 949 ⁴
146 930 253 997 Sucue
274 941 306 996 et
332 929 385 994 hic
410 938 442 993 et
469 925 588 992 herbae
610 927 837 1009 cuiuscumque
858 926 932 991 lana
954 926 1117 1011 excipitur
1138 937 1210 1006 aut,
1238 927 1266 993 si
1281 941 1328 986 1⁹9
1406 964 1415 987 1

144 1031 282 1117 exiguae
302 1040 362 1107 est,
384 1049 493 1114 ungue
508 1026 642 1113 pollicis,
664 1037 701 1091 ut
720 1024 866 1104 lactucis,
887 1037 920 1091 et
940 1036 1067 1112 postero
1088 1026 1142 1092 die
1163 1028 1267 1114 magia

143 1132 230 1215 quod
250 1129 385 1206 inaruit3
418 1128 591 1213 papaveris
613 1149 689 1193 vcro
710 1127 820 1213 largus
841 1127 995 1193 densatur
1015 1138 1048 1193 et
1068 1127 1103 1192 in
1123 1128 1268 1213 pastillos
1337 1156 1345 1217 j
1374 1154 1377 1161 ·
1412 1194 1415 1199 .

144 1232 240 1298 tritus
260 1231 295 1295 in
315 1230 430 1296 umbra
452 1229 605 1306 siccatur,
634 1249 698 1293 non
720 1228 752 1294 vi
775 1227 952 1312 soporifera
972 1228 1070 1293 modo
1090 1229 1269 1308 verum,ai
1310 1218 1405 1311 ··,,.;Ῑ

143 1333 305 1418 copiosior
325 1330 503 1409 hauriatur,
527 1329 624 1395 etiam
644 1328 810 1395 mortifera
831 1350 890 1414 per
911 1349 1057 1407 somnam
1078 1329 1190 1415 opium
1210 1352 1268 1397 vo·

144 1444 228 1499 cant.
266 1429 323 1498 Sic
344 1432 462 1497 coimus
489 1431 716 1516 interemptum
738 1429 777 1494 P.
798 1427 908 1495 Licini
931 1426 1089 1495 Caecinae
1116 1431 1269 1516 praetorii

144 1534 206 1600 viri
234 1544 361 1620 patrem
393 1532 427 1596 in
452 1530 614 1616 Hispania
645 1529 766 1609 Bavili,
803 1551 877 1595 cum
909 1529 1060 1595 valetudo
1094 1529 1269 1616 inpetibilis

144 1635 254 1701 odium
280 1633 364 1701 vitae
394 1633 539 1712 fecisset,
571 1632 648 1698 item
675 1631 847 1717 plerosque
873 1629 962 1696 alios.
1000 1627 1077 1712 Qua
1104 1631 1144 1696 de
1172 1645 1332 1699 cauaaaoc

144 1758 262 1823 magna
284 1734 477 1800 concertatio
498 1734 623 1800 exstitit
636 1732 801 1819 Diagorae
823 1742 858 1798 at
877 1730 1073 1799 Erasistrato
1079 1756 1090 1809 ;
1112 1731 1146 1797 in
1167 1741 1270 1796 totum

145 1836 339 1902 damnavere
352 1845 389 1900 ut
402 1835 613 1919 mortiferum,
628 1833 753 1901 infundi
764 1844 910 1899 vetantes
922 1843 1099 1920 practerea,
1119 1831 1270 1917 quoniam

145 1937 230 2004 visui
251 1946 396 2013 noceret;
424 1936 558 2001 addidit
569 1935 721 2002 Andreas
748 1935 821 2001 ideo
841 1957 906 2002 non
932 1935 1080 2020 protinus
1106 1932 1270 2001 excaecat

145 2062 195 2116 eo,
216 2038 367 2122 quoniam
388 2039 621 2105 adulteraretur
642 2035 877 2115 Alexandriam
899 2035 958 2102 ced
979 2047 1090 2123 postea
1107 2033 1270 2103 usuarius

145 2162 210 2205 non
231 2139 420 2226 inprobatus
439 2149 488 2206 est
501 2140 731 2206 medicamento
746 2138 846 2205 nobili
860 2137 947 2223 quod
961 2137 1131 2204 diacodion
1146 2145 1270 2203 vocant.

148 2237 278 2306 Semina
304 2261 431 2325 quoque
465 2241 533 2306 eius
560 2240 637 2305 trito
671 2240 705 2303 in
734 2240 881 2325 pastillos
909 2263 928 2306 e
954 2240 1038 2308 lacte
1065 2249 1200 2305 utuntur
1227 2237 1326 2302 ad201

147 2362 309 2419 somnum,
336 2340 415 2407 item
435 2340 481 2406 ad
504 2340 619 2426 capitis
641 2339 767 2406 dolores
787 2363 861 2406 cum
883 2362 1025 2419 rosaceo,
1052 2362 1125 2406 cum
1152 2340 1215 2404 hoc
1236 2348 1270 2404 at

146 2440 272 2505 aurium
287 2440 389 2505 dolori
403 2441 602 2529 instillatum.
624 2439 784 2524 Podagn'c
797 2439 942 2505 inlinitur
956 2462 1030 2505 cum
1049 2440 1134 2505 lacte
1155 2426 1268 2504 mulia·

146 2563 235 2617 rum,
259 2595 298 2604 -.
322 2541 369 2606 sic
391 2550 424 2609 ct
443 2540 528 2606 foliis
549 2539 630 2625 ipsis
652 2548 800 2618 utuntur,
825 2593 864 2602 ..
887 2539 965 2605 item
987 2540 1028 2604 ad
1052 2539 1137 2626 ignia
1160 2559 1267 2604 sacros

147 2652 179 2706 et
201 2642 333 2707 volnera
347 2664 388 2708 cx
410 2651 510 2707 aceto
554 2639 627 2726 Ego
650 2651 757 2704 tamen
786 2640 1004 2705 damnaverim
1031 2639 1171 2723 collyriis
1193 2639 1268 2705 addi

147 2741 311 2827 multoque
338 2743 443 2829 magis
469 2764 550 2826 quac
577 2751 692 2806 vocant
723 2740 919 2826 lexipyretoa
947 2762 1091 2825 quaeque
1123 2740 1269 2827 pepticas

148 2854 181 2908 et
202 2843 374 2922 cocliaoaa3
397 2842 527 2930 nigrum
549 2853 655 2908 tamen
677 2841 825 2908 coeliacis
846 2843 880 2906 in
901 2841 976 2907 rino
997 2841 1101 2909 datur.
1124 2838 1269 2907 Sativom
1281 2855 1331 2900 roa

147 3015 252 3077 lactaris,
264 3017 369 3068 Barbar.
391 3023 418 3065 ut
428 3014 554 3079 mahala,
567 3015 671 3068 Cornan
684 3016 718 3066 ad
727 3016 844 3067 Dioscor.
857 3022 881 3077 4,
895 3021 979 3066 55...
999 3014 1101 3079 baptor,
1111 3017 1142 3067 K.
1163 3055 1194 3065 ..
1212 3011 1268 3063 daa-

146 3091 221 3145 saca,
237 3085 290 3134 Td.
309 3125 339 3134 -
367 3083 478 3146 siccatur,
495 3099 547 3134 cm.
557 3083 593 3136 V.
612 3123 643 3133 ..
670 3083 702 3144 vi,
713 3084 748 3133 V.
765 3083 853 3136 Omitt.
866 3085 912 3134 ad.
939 3099 984 3132 naa
1000 3082 1136 3147 soporifera
1151 3080 1220 3131 moda
1235 3081 1268 3143 ai,

145 3152 213 3201 Pint.
232 3192 263 3200 ..
287 3152 482 3212 samacr‚VTd.
508 3145 777 3214 aomaamaddppss.
797 3191 827 3200 ..
851 3149 938 3214 opiam,
950 3151 1004 3201 Vd.
1030 3151 1163 3214 capiam.
1190 3150 1267 3213 opica,

146 3213 248 3281 θρφβ.
267 3217 328 3280 cpio,
340 3215 364 3266 d.
379 3258 410 3266 ..
428 3217 468 3277 R,
480 3211 509 3266 θ,
524 3225 587 3280 port,
598 3218 703 3270 vrau.
721 3216 847 3278 Patauii,
859 3220 898 3268 ed.
909 3219 988 3281 princ.
1001 3227 1027 3268 et
1034 3219 1149 3282 r'incpte
1162 3219 1267 3269 conian-

147 3286 194 3334 ctis
210 3287 315 3333 duarum
331 3285 446 3346 gentium
462 3285 616 3335 nominibus.
641 3285 713 3334 Nihil
728 3286 821 3335 horum
838 3286 917 3336 habet
932 3281 962 3346 β.
984 3326 1015 3334 -
1040 3286 1161 3348 praetori,
1178 3287 1210 3335 V.
1236 3327 1265 3335 -

147 3349 241 3411 Bilbili,
254 3351 341 3400 Dalec.
354 3358 380 3401 et
392 3349 471 3401 Gran.
494 3350 576 3411 baiuli,
588 3353 666 3400 Hard.
679 3353 710 3401 de
722 3353 827 3415 antiquo
840 3353 945 3401 nominc
956 3353 1080 3416 praetoria
1090 3354 1230 3417 Hispanico
1242 3355 1267 3403 itl

145 3419 331 3481 iuterpretatur.
351 3459 381 3467 ..
401 3417 550 3480 impatibilia,
568 3415 784 3483 V¹Tadddp5a
813 3417 956 3482 apertius,
974 3421 1024 3470 V2.
1051 3418 1198 3482 impatibilis,
1216 3415 1267 3484 βγ.

147 3486 179 3535 V.
192 3486 305 3550 Madvig.
318 3486 353 3536 ad
364 3485 418 3537 cie.
431 3488 462 3536 de
473 3487 516 3536 fin.
527 3501 552 3550 p.
566 3489 623 3535 243.
1248 3486 1251 3491 '

180 3556 265 3616 5200.
288 3552 471 3612 roccataliata
497 3560 660 3614 concentuum,
672 3554 706 3602 V.
732 3568 783 3601 cam
796 3557 950 3616 centumad.
969 3595 1000 3604 ..
1024 3553 1150 3618 Diagorae
1168 3562 1189 3602 et
1202 3551 1267 3604 lira·

147 3619 251 3682 sistrato,
272 3622 308 3672 ita
323 3637 371 3672 noe
387 3622 540 3685 scripsimus.
566 3619 684 3684 diagorae
700 3618 846 3681 rariacum,
857 3622 911 3671 Va.
938 3619 1053 3686 diaparar
1069 3620 1231 3682 erasistratus,
1243 3623 1266 3670 d.

147 3686 273 3750 Diaparaa
287 3695 311 3736 at
325 3687 500 3750 Erasistratus,
511 3683 555 3754 βγ
570 3691 603 3738 ad
618 3689 750 3752 sequentia
760 3687 905 3739 referentes.
924 3729 955 3739 ..
973 3687 1078 3751 addidit,
1091 3691 1135 3739 ad.
1157 3686 1268 3749 radidit,

147 3755 174 3802 V
190 3753 394 3871 gitmrgemaa).
418 3797 450 3806 -
476 3756 631 3821 improbatas,
647 3759 692 3807 ad.
718 3763 745 3804 ut
757 3756 884 3820 probatur,
899 3757 933 3807 V.
955 3796 987 3806 -
1013 3755 1149 3818 diacodion,
1166 3756 1268 3806 Barbar.

147 3835 192 3884 acy
210 3821 258 3883 ica,
299 3826 344 3873 ad.

182 3890 267 3949 μοι.
280 3887 389 3952 pastilla,
402 3882 504 3941 OVad
524 3931 556 3941 -
573 3889 666 3951 alacre,
678 3891 723 3940 ad.
741 3889 817 3952 eheu,
829 3892 864 3942 V.
882 3890 959 3952 aleca,
975 3886 1004 3942 θ.
1023 3932 1054 3943 ..
1073 3898 1177 3951 utantur,
1190 3891 1224 3940 V.
1237 3930 1269 3940 ..
1294 3939 1298 3952 ,

147 3951 269 4013 manium,
284 3949 313 4006 θ.
331 3994 364 4005 ...
389 3955 473 4017 locat,
490 3961 564 4009 codd.
577 3958 634 4010 Gal.
660 3956 726 4020 lace,
738 3959 814 4008 Vad.
833 4000 864 4009 ..
888 3958 1103 4019 instillatamvd.
1130 3955 1270 4019 amittatur,

149 4015 219 4083 αβγ.
233 4060 265 4070 ..
282 4020 348 4085 lynea
360 4038 448 4086 sacros,
460 4025 536 4075 Vad.
553 4041 634 4074 sacros
645 4024 719 4089 iprae,
732 4027 805 4076 codd.
817 4026 875 4077 Gal.
886 4022 937 4091 βγ.
951 4067 982 4076 ..
1000 4025 1078 4090 magia
1089 4025 1270 4088 nomentanam

149 4103 218 4149 quaa,
235 4089 268 4138 K.
292 4128 324 4137 -
351 4097 443 4151 vocant,
460 4107 482 4141 a.
505 4091 593 4143 omitt
609 4094 664 4143 Vd.
689 4133 721 4142 ..
748 4091 895 4158 lexipyretoa
911 4095 990 4143 Hard.
1008 4093 1091 4145 tacite.
1119 4092 1268 4157 lerr'ppretua¹

149 4154 424 4274 {Tadglerzpyrataa
436 4152 465 4218 β.
483 4157 650 4223 alcxipyrataa,
661 4161 727 4211 Pint
746 4199 778 4211 ..
792 4161 894 4224 paucas,
905 4161 982 4210 Vari.
998 4199 1030 4210 -
1048 4159 1168 4210 coeliacos
1180 4168 1205 4210 et
1215 4176 1268 4211 cae-

168 4238 227 4284 acar,
268 4259 274 4272 .
345 4257 349 4263 -

1049 4293 1066 4324 ἦ
