2896 4792
198 278 260 342 224
551 292 756 340 3333333333
777 292 972 341 maronam

197 443 292 510 cebit.
317 441 442 524 Quarta
463 466 483 508 a
504 442 722 528 septentrione
742 445 830 522 linia,
853 445 965 510 eadem
987 456 1095 512 austro
1117 441 1158 511 ab
1174 446 1320 514 exortiva
1332 466 1382 511 333

196 556 288 630 parte
310 566 484 629 proxuma,
513 543 690 609 brumalem
711 543 841 610 habebit
863 557 1008 610 exortum
1031 558 1225 632 ventumque
1247 552 1317 616 vol-

195 660 325 712 turnum
348 668 462 711 eurum
484 643 619 711 Graecis
646 645 781 723 dietum,
810 646 975 712 sicciorem
997 658 1030 712 st
1051 648 1157 734 ipsum
1180 651 1317 734 tepidio-

194 770 341 832 remque;
363 748 396 812 in
418 746 504 811 hune
525 746 646 832 apiaria
669 757 701 812 et
722 747 835 812 vineae
849 747 961 813 Italiae
976 745 1218 834 Galliarumque
1240 774 1316 837 spe-

193 860 280 914 ctare
302 849 430 914 debent.
465 847 520 912 Ex
546 847 682 914 adverso
712 849 853 915 volturni
880 849 972 915 flabit
995 872 1107 928 eorus,
1136 851 1178 917 ab
1198 858 1316 919 occasu

194 949 355 1017 solstitiali
377 961 411 1016 et
436 949 625 1015 occidentali
649 948 750 1015 latere
776 951 1018 1036 septentrionis,
1047 949 1183 1018 Graecis
1210 955 1316 1020 dictus

192 1065 347 1141 argestes,
371 1073 411 1117 ex
434 1051 652 1137 frigidissimis
674 1051 808 1137 etipse,
832 1049 915 1117 sicut
936 1052 1122 1136 omnesqui
1145 1078 1165 1118 a
1186 1067 1315 1141 septen·

192 1152 305 1218 trionis
333 1163 424 1237 parte
452 1153 591 1238 spirant3
621 1152 674 1218 hic
700 1162 733 1218 et
758 1154 933 1241 grandines
953 1153 1066 1232 infert,
1094 1157 1256 1221 cavendus
1284 1169 1316 1222 st

190 1258 262 1340 ipse
289 1275 353 1319 non
382 1274 477 1319 secus
505 1275 543 1318 ac
565 1253 751 1339 septentrio.
788 1252 968 1320 Voltmnus
995 1255 1023 1320 si
1052 1277 1071 1318 a
1098 1277 1212 1321 serena
1234 1259 1314 1323 caeli
1327 1273 1377 1318 aas

190 1365 282 1443 parte
304 1354 445 1439 eoeperit
464 1353 559 1430 flare,
593 1374 658 1417 non
686 1352 816 1418 durabit
835 1353 869 1417 in
890 1365 1034 1432 noetem3
1067 1368 1101 1420 at
1122 1358 1313 1423 subsolanus

190 1457 224 1521 in
246 1456 398 1521 maiorem
420 1465 545 1539 partem
566 1453 671 1519 noetis
693 1454 884 1520 extenditur.
922 1454 1078 1540 Quisquis
1104 1458 1165 1523 erit
1186 1471 1312 1540 ventus,

189 1558 216 1624 si
238 1556 383 1622 fervidus
398 1556 571 1633 sentietur,
592 1555 741 1641 pluribus
756 1556 870 1621 diebus
884 1558 1095 1643 permanebit.
1118 1558 1312 1643 Aquilonem

187 1657 395 1746 praenuntiat
416 1668 499 1722 terra
521 1657 701 1722 siccescens
719 1669 863 1742 repente,
886 1669 1029 1724 austrum
1051 1682 1218 1727 umescens
1239 1685 1312 1728 rore

187 1763 322 1828 occulto.

228 1859 387 1927 XXXV.
410 1860 461 1924 78.
484 1858 615 1924 Etenim
638 1860 805 1945 praedicta
825 1873 995 1927 ventorum
1017 1864 1151 1942 ratione,
1174 1887 1215 1930 ne
1238 1888 1310 1932 sae-
1324 1882 1374 1926 aso

187 1965 261 2050 pius
283 1963 394 2028 eadem
416 1960 574 2038 dicantur,
601 1961 737 2026 transire
759 1965 907 2028 convenit
929 1965 970 2029 ad
991 1967 1113 2050 reliqua
1136 1977 1309 2051 tempesta-

65 2158 68 2165 .
156 2138 159 2143 ,
187 2076 254 2130 tum
274 2061 453 2150 praesagia,
475 2061 626 2146 quoniam
648 2072 680 2127 st
701 2061 763 2128 hoc
783 2064 943 2150 placuisse
955 2064 1101 2154 Vergilio
1117 2090 1310 2156 magnopere

187 2167 291 2244 video,
314 2163 473 2248 siquidem
494 2163 527 2227 in
548 2163 620 2249 ipsa
641 2185 747 2230 messe
769 2186 867 2250 saepe
889 2188 1078 2233 concurrere
1092 2170 1214 2254 proelia
1228 2193 1308 2236 ven·

186 2282 290 2335 torum
312 2267 465 2331 damnosa
486 2265 632 2350 inperitis
646 2263 752 2330 refert.
775 2265 923 2330 Tradunt
938 2269 1075 2334 eundem
1086 2269 1307 2336 Democritum
1321 2285 1368 2328 ³41

185 2379 325 2437 metente
345 2366 444 2433 fratre
466 2366 535 2432 eius
549 2365 693 2431 Damaso
714 2367 938 2433 ardentissimo
960 2381 1050 2434 aestu
1072 2384 1180 2436 orasse
1201 2382 1238 2436 ut
1259 2395 1309 2438 re·

183 2472 290 2557 liques
313 2469 416 2556 segeti
437 2479 584 2555 parceret
604 2458 797 2555 raperetque
819 2470 948 2535 desecta
970 2470 1173 2549 subtectum,
1194 2476 1307 2559 paucis

184 2595 259 2638 mox
280 2570 368 2636 horis
391 2592 487 2637 saevo
508 2569 612 2636 imbre
634 2570 860 2635 vaticinatione
882 2570 1068 2657 adprobata.
1092 2571 1181 2654 Quin
1209 2575 1306 2639 inuno

185 2686 218 2741 et
237 2672 449 2738 harundinem
470 2695 535 2737 non
556 2671 619 2737 nisi
639 2671 835 2757 inpendente
855 2672 966 2758 pluvia
988 2673 1051 2737 seri
1066 2673 1177 2739 iubent
1192 2675 1305 2739 31133-

184 2796 242 2862 ges
262 2775 448 2839 insecuturo
468 2772 588 2847 imbre3
621 2772 830 2857 quamobrem
858 2783 891 2839 et
912 2773 992 2839 haec
1012 2773 1153 2840 breviter
1173 2775 1305 2861 attingi-

183 2897 255 2942 mus
278 2875 411 2941 scmtati
432 2895 581 2938 maxume
609 2874 818 2960 pertinentia,
845 2875 1047 2960 primumque
1068 2899 1088 2940 a
1110 2877 1178 2943 sole
1196 2878 1305 2962 capie-

183 2998 256 3042 mus
276 2975 455 3062 praesagia
476 2973 584 3040 Purus
605 2975 711 3040 oriens
726 2985 901 3067 atqnenon
914 2977 1043 3043 fervens
1057 3000 1204 3044 serenum
1220 2979 1305 3043 diem
1318 2993 1367 3036 8⁴2

218 3188 304 3249 §aas
326 3199 448 3246 333333.
475 3183 667 3244 33333,Τ<1...
690 3199 707 3232 3
722 3181 829 3246 Graecia
845 3183 877 3233 Τ.
897 3224 928 3234 -
952 3190 976 3232 st
985 3184 1070 3248 ipsam,
1083 3201 1105 3234 a.
1132 3185 1215 3248 ipsura,
1228 3187 1252 3234 d.
1272 3225 1302 3234 ..

186 3250 428 3316 tepidioremqae51‘a,
445 3252 469 3302 d.
496 3250 632 3330 tepidiorept
648 3249 711 3329 quia.
722 3249 755 3312 13,
771 3265 795 3300 a.
814 3290 845 3301 ..
871 3250 985 3332 apporia,
1001 3268 1025 3302 a.
1044 3292 1076 3302 ...
1103 3250 1210 3314 debeant,
1229 3269 1251 3302 3.
1271 3293 1302 3330 7

184 3320 495 3448 prcqagaadae'sqqrtethl'.
514 3359 546 3370 -
569 3316 710 3369 3333331313
727 3315 812 3381 dalem
830 3333 877 3383 pro
892 3321 933 3370 hm
948 3335 988 3370 vv.
1004 3321 1103 3370 habent
1117 3334 1203 3368 occasa
1220 3317 1303 3369 13333

217 3473 303 3536 53339.
327 3469 523 3534 3333333111.
541 3510 573 3522 ..
599 3468 738 3533 &unita
757 3510 789 3521 ..
815 3473 886 3532 aad
912 3470 1031 3534 3131313.
1050 3512 1081 3522 ..
1106 3468 1251 3533 extendite.
1270 3513 1301 3522 ..

183 3536 330 3600 saraam,
341 3540 386 3589 ad.
405 3579 436 3589 -
455 3538 595 3600 1333333333,
607 3541 631 3588 d.
649 3537 772 3587 13333333
783 3539 850 3599 1333

216 3625 302 3688 5340.
324 3621 485 3683 1313313331.
510 3621 681 3684 31133133,ΙὶΙ
698 3621 807 3684 Etiam,
824 3622 856 3674 Τ.
874 3660 906 3673 ..
929 3636 966 3681 aa,
982 3622 1122 3672 omitted
1142 3661 1172 3672 ..
1198 3621 1303 3687 Vergilio

183 3696 379 3755 3333333111.
398 3730 428 3741 ..
447 3689 472 3738 ia
483 3689 545 3754 1333,
558 3691 589 3740 Τ.
607 3689 669 3754 ipsa,
680 3693 724 3741 ad.
742 3730 775 3741 ..
793 3703 1019 3752 mmneresaspe,
1031 3691 1056 3741 d.

217 3773 303 3836 5341.
329 3771 432 3834 easdem,
449 3790 472 3824 v.
489 3776 574 3839 §m
592 3814 624 3824 -
651 3789 715 3836 sena,
732 3775 778 3823 ad.
800 3810 831 3823 ..
858 3771 1015 3835 1333333333,
1029 3789 1053 3823 a.
1071 3813 1102 3823 ..
1121 3772 1302 3838 3313933333.

184 3841 315 3906 mimus,
326 3857 349 3891 a
368 3835 558 3906 331393333319.
576 3880 608 3893 ..
625 3839 793 3902 3333133333.

218 3928 233 3989 5
246 3932 303 3976 342.
322 3941 367 3974 333
370 3926 479 3988 ferveas,
490 3927 553 3976 a²d.
575 3924 717 3987 consanam,
729 3926 766 3975 31.
784 3924 852 3973 Illud
864 3931 949 3973 tuetur
959 3925 1091 3988 Theophr.
1108 3921 1170 3991 περὶ
1183 3923 1301 3994 σημείων

185 3989 290 4042 ὑδάτων
303 3997 327 4054 4,
343 3999 364 4043 1.
376 4009 402 4057 p.
416 3995 472 4044 tor.
492 4033 523 4043 -
542 3991 671 4053 deaurant,
682 3991 714 4040 T.
733 4031 765 4041 ..
783 4000 819 4052 at,
831 4007 854 4040 a.
871 3989 913 4052 ad,
925 3991 978 4041 Τ(1.
993 4034 1023 4042 ..
1042 3992 1171 4055 laternum,
1184 3996 1256 4043 Tad.
1270 4036 1300 4044 ..
1383 4010 1389 4017 ·

183 4059 331 4123 grandinem,
348 4077 372 4111 a.
397 4059 536 4124 prandisse,
552 4061 605 4110 Td.
623 4099 654 4111 ..
682 4056 751 4117 131333,
767 4060 827 4108 adr.
853 4057 915 4119 item,
930 4054 960 4119 β.
986 4061 1019 4109 V.
1032 4062 1163 4125 Theophr.
1181 4063 1198 4110 l.
1210 4062 1227 4112 l.
1240 4067 1264 4122 2,
1279 4067 1301 4111 l.

185 4131 279 4190 arsa
298 4167 330 4177 ..
353 4129 514 4190 veamaa²d
540 4133 619 4176 veatm
630 4125 764 4185 autemst
784 4164 814 4174 ..
838 4124 1061 4185 nomentanam.
1087 4128 1249 4191 3313333331.
1269 4169 1300 4177 -

183 4192 248 4256 qnod
261 4193 285 4243 a·
298 4201 332 4254 et,
349 4208 372 4245 a
398 4193 463 4258 quod
476 4202 499 4244 et
513 4193 546 4255 31,
562 4195 587 4243 d,
613 4189 724 4256 quodsi,
739 4192 829 4243 Dalec.
849 4234 880 4244 ..
908 4192 1033 4244 occidentis
1046 4204 1090 4245 aut
1105 4196 1212 4257 33133133,
1228 4197 1300 4247 Tad.

184 4258 280 4309 orante
291 4269 362 4324 atque
373 4260 505 4323 3331313333,
516 4257 567 4325 fir.
586 4300 617 4310 ..
636 4257 753 4321 uideatur,
765 4260 838 4312 Tad.
856 4260 946 4324 331331,
957 4257 1008 4326 fir.
