2896 4792
466 912 521 1017 C.
557 911 728 1017 PLlNl
766 912 1053 1017 SECUNDI

250 1166 736 1288 NATURALIS
781 1165 1246 1288 HISTORIAE

626 1414 775 1490 LIBER
799 1414 881 1490 XX.

677 1623 830 1632 -—----

239 1755 346 1827 Suor.
370 1759 400 1823 1.
443 1721 652 1826 Maxumum
673 1756 747 1824 hino
768 1779 851 1845 opus
872 1767 1007 1824 naturas
1028 1755 1191 1823 ordiemur
1212 1768 1245 1824 et
1268 1759 1344 1833 oi-§
1366 1774 1378 1819 ι

191 1862 251 1929 bos
280 1880 355 1926 suos
381 1856 502 1924 homini
527 1856 730 1925 narrabimus
757 1858 915 1944 faterique
937 1880 1091 1948 cogemus
1112 1859 1222 1948 ignota
1243 1881 1316 1926 esse

191 1985 251 2050 per
270 1982 354 2047 quae
375 1959 473 2025 vivat.
501 1958 606 2027 Nemo
627 1959 661 2025 id
682 1982 814 2048 parvom
835 1982 873 2027 ac
895 1961 1056 2027 modicum
1075 1959 1317 2028 existumaverit

192 2063 359 2128 nominum
372 2060 496 2127 vilitate
517 2060 682 2148 deceptus.
703 2061 775 2126 Pax
797 2083 907 2129 secum
927 2062 962 2127 in
982 2061 1033 2127 his
1054 2071 1110 2127 aut
1122 2061 1241 2127 bellum
1254 2083 1314 2126 na-

193 2176 283 2230 turae
311 2163 451 2241 dicetur,
485 2161 559 2228 odia
584 2162 786 2249 amicitiaque
818 2185 926 2230 rerum
953 2162 1125 2230 surdarum
1151 2184 1191 2230 ac
1217 2185 1316 2229 sensu

192 2263 369 2329 carentium
383 2273 425 2341 et,
447 2284 512 2347 quo
532 2254 637 2352 magis
657 2264 820 2344 miremur,
842 2264 950 2331 omnia
971 2287 1009 2331 ea
1025 2264 1189 2331 hominum
1204 2286 1314 2343 causa,

191 2364 278 2453 quod
300 2362 418 2432 Graeci
445 2362 658 2451 sympathiam
684 2375 717 2431 et
748 2363 959 2451 antipathiam
992 2365 1212 2452 appellavere,
1239 2364 1314 2452 qui·

191 2467 252 2534 bus
273 2477 387 2534 cuncta
408 2476 570 2546 constant,
592 2467 679 2556 ignis
700 2466 793 2553 aquis
813 2466 1104 2556 restinguentibus,
1126 2488 1226 2552 aquas
1248 2465 1315 2533 sole

191 2569 381 2646 devorante,
412 2566 491 2635 luna
518 2568 679 2655 pariente,
717 2569 817 2634 altero
842 2567 973 2634 alterius
999 2567 1116 2635 iniuria
1145 2567 1315 2634 deficiente

192 2670 317 2750 sidere3
350 2678 447 2753 atque
472 2678 550 2734 uta
577 2665 815 2734 sublimioribus
842 2668 1046 2747 recedamus,
1073 2669 1194 2736 ferrum
1215 2668 1256 2732 ad
1279 2683 1344 2734 sea

147 2759 152 2767 ⁴
191 2770 335 2837 trahente
349 2779 498 2859 magnete
516 2768 624 2857 lapids
646 2780 680 2836 et
700 2769 763 2835 alio
783 2791 897 2835 rursus
918 2769 1068 2857 abigente
1089 2793 1109 2834 a
1130 2792 1212 2849 sese,
1235 2768 1313 2834 ada·

72 2876 77 2883 ’
191 2884 300 2939 manta
313 2894 411 2958 opum
425 2870 592 2959 gaudium,
612 2869 793 2959 infragilem
806 2871 893 2937 omni
911 2881 1019 2938 cetera
1040 2870 1073 2938 vi
1094 2883 1127 2937 et
1146 2869 1313 2951 invictum,

193 2973 350 3061 sanguine
370 2971 496 3038 hircino
516 2982 703 3059 rumpente,
725 2994 872 3059 quaeque
893 2973 956 3039 alia
976 2971 1012 3038 in
1034 2973 1101 3039 suis
1121 2971 1201 3039 locis
1223 2971 1313 3039 dice·

191 3096 264 3139 mus
284 3073 378 3161 paria
397 3073 450 3139 vel
470 3072 591 3140 maiora
612 3072 740 3140 miratu.
772 3072 915 3141 Tantum
941 3074 1036 3140 venia
1060 3074 1102 3140 sit
1122 3097 1142 3140 a
1162 3072 1315 3139 minumis

191 3172 252 3240 sed
273 3195 293 3238 a
314 3171 508 3241 salutaribus
529 3173 665 3241 ordienti
686 3175 889 3263 primumque
910 3175 952 3242 ab
972 3175 1154 3242 hortensiis.

226 3314 270 3366 Aa
286 3313 356 3364 hune
371 3312 466 3366 librum
481 3315 530 3366 toti
541 3323 600 3367 sunt
611 3315 712 3366 excussi
724 3314 750 3364 V
762 3313 790 3381 (5
805 3312 969 3378 let-264.)
980 3319 1025 3368 sd
1047 3317 1088 3367 De
1099 3313 1314 3379 Pseudo-Appu-

192 3382 244 3434 leio
257 3380 416 3434 salmariano
427 3398 451 3433 v.
462 3382 542 3447 praef.
554 3383 606 3434 vol.
617 3383 639 3434 L
651 3397 677 3448 p.
689 3382 759 3435 XLI.
773 3391 799 3435 et
808 3385 859 3436 rol
871 3384 905 3436 V.
917 3399 942 3449 p.
954 3384 1008 3436 XV
1019 3397 1071 3449 seq.
1168 3392 1172 3403 ·

226 3452 278 3514 §L
304 3447 424 3512 Nemo,a
446 3449 494 3513 Ne,
506 3444 586 3503 θΤᾱ.
606 3491 637 3501 ..
660 3467 734 3514 aaa
757 3453 825 3512 aad
844 3493 875 3503 ..
898 3450 1046 3512 utilitated.
1065 3491 1094 3501 -
1114 3443 1312 3512 seotrm‚0Tad.

193 3515 271 3580 mmai,
281 3511 310 3579 β.
330 3558 362 3567 ..
380 3515 504 3581 diceretur,
516 3533 539 3570 a.
553 3560 584 3569 -
603 3516 690 3579 odium
702 3521 775 3570 codd.
787 3520 864 3571 Rean.
877 3560 909 3569 ..
926 3517 1087 3585 amicitiaque,
1099 3519 1144 3569 sd.
1162 3515 1313 3579 amiriaique,
1420 3539 1428 3543 -

197 3578 225 3636 θ.
243 3584 416 3649 amicitiaeque,
426 3581 456 3647 β.
475 3627 507 3637 ..
530 3593 553 3636 et
563 3584 735 3650 carpathium
747 3587 812 3637 haec
822 3588 899 3638 verbs
909 3587 1015 3638 inseruit
1025 3587 1094 3637 Pint.
1108 3586 1168 3636 coll.
1180 3588 1221 3645 37,
1235 3589 1275 3634 59.
1288 3592 1314 3632 et

194 3655 310 3718 sequenti
321 3668 385 3782 νοοὲ
396 3653 487 3716 quibus.
505 3654 594 3705 Omitt.
607 3649 700 3718 adssr.
720 3693 747 3703 ..
768 3653 983 3719 moimmsen,
995 3670 1018 3704 a.
1038 3694 1069 3703 ..
1091 3669 1177 3716 aquas,
1189 3652 1221 3702 T.
1238 3667 1313 3714 aqua,

194 3722 238 3772 ad.
322 3736 344 3770 m
386 3757 392 3771 .

228 3737 336 3854 §gludt
345 3758 419 3840 ’delet
435 3789 503 3840 Pint.
521 3829 553 3840 ..
576 3785 633 3850 aiio,
645 3788 780 3839 theameds
791 3792 833 3850 36,
847 3793 904 3839 130.
922 3787 979 3838 uilio
990 3788 1050 3839 iiiito
1060 3805 1150 3851 rursus,
1163 3788 1268 3840 (lornar.
1280 3787 1314 3835 ad

194 3858 311 3908 Maemm
322 3856 340 3907 f.
355 3863 410 3907 lll.
423 3858 447 3907 b.
460 3855 519 3906 coll.
532 3856 648 3920 Geopon.
660 3856 720 3907 XV.
735 3862 757 3917 l,
771 3862 812 3906 28.
836 3896 867 3906 ..
890 3856 1012 3918 ambiente,
1024 3859 1049 3907 d.
1072 3899 1103 3907 -
1126 3855 1266 3914 emmanu,
1279 3855 1315 3904 its

195 3928 242 3974 uos'
254 3920 407 3988 scripsimus.
426 3922 620 3982 adamantcrum,
631 3923 663 3973 T.
680 3920 857 3982 adamcwram,
869 3915 941 3975 oso.
959 3923 1118 3983 Maerentem,
1129 3920 1181 3990 βγ.
1195 3964 1226 3972 -
1245 3937 1314 3986 opum

192 3990 313 4055 caudium,
325 3990 460 4056 iasrapiiem
474 3999 500 4041 et
510 3997 534 4038 et
546 3991 613 4040 delet
624 3991 691 4040 Piut.
710 4031 741 4040 ..
765 3989 940 4056 irssropr'li‚ad.
965 4034 997 4043 ..
1019 3992 1088 4054 ciet,
1105 4009 1128 4042 a
1155 3991 1218 4052 vicit,
1235 3994 1258 4041 d.
1283 4030 1313 4039 .-

194 4057 254 4108 locis
265 4056 375 4120 dehemus,
387 4062 433 4110 ad.
452 4056 555 4108 dicemus
563 4053 687 4123 loctafir.
700 4099 731 4108 ..
750 4058 845 4119 miratu,
854 4059 886 4110 Τ.
904 4052 1034 4139 miratrtsssf,
1044 4064 1068 4112 d.
1085 4060 1225 4120 miratum.
1244 4056 1314 4117 mira,

192 4120 243 4191 βγ.
261 4124 383 4189 misoclo,
395 4127 484 4178 Daleo.
504 4167 535 4176 ..
557 4124 622 4174 sitsi
631 4141 649 4174 c
660 4125 761 4175 minimis
772 4124 816 4176 sed
825 4143 842 4176 a
852 4125 923 4179 solut.
935 4126 1062 4190 ordietur,
1073 4130 1106 4180 Κ.
1127 4169 1158 4178 -
1182 4125 1314 4185 hortensiis,

192 4210 232 4244 ar.
251 4193 402 4256 samsom,
414 4189 463 4256 ᾶβ.
