2896 4792
159 352 167 369 ι
204 271 265 335 124
552 285 755 336 seruantis
779 287 973 336 nrsronrsu

202 438 309 503 omnia
336 459 420 521 quae
447 437 584 501 resinam
617 438 726 504 ferunt
757 439 856 504 nimia
881 437 1107 524 pinguitudine
1136 438 1169 501 in
1197 438 1324 502 taedam

99 546 106 555 '
203 549 380 615 mutantur3
403 549 436 602 et
457 559 530 601 cum
546 537 670 602 radices
684 560 812 622 quoque
827 540 1037 624 pinguescere
1052 559 1199 623 coepere,
1222 538 1323 602 inter-

143 662 146 669 ·
203 650 281 705 eunt
308 650 345 704 ut
371 628 520 703 animalia
548 638 646 703 nimio
674 640 780 724 adipe,
810 639 982 724 aliquando
1008 649 1039 703 et
1065 639 1246 724 pestilentia
1267 661 1325 724 per

203 761 334 825 genera,
363 738 445 804 sicut
470 738 557 802 inter
582 738 727 804 homines
748 763 834 804 nunc
860 739 1000 818 servitia,
1029 763 1113 804 nunc
1134 738 1245 824 plebes
1267 763 1324 804 ur·
1389 753 1395 758 '

204 840 290 904 bana
316 838 366 903 vel
394 838 523 903 rustica.
567 838 828 905 vermiculantur
854 839 957 926 magis
983 840 1128 904 minusve
1155 841 1324 922 quaedam,
1339 856 1388 901 aas

203 961 316 1004 omncs
337 949 443 1004 tamen
463 941 540 1016 fere,
562 940 659 1023 idque
680 962 757 1006 aves
778 940 849 1006 cavi
870 939 997 1004 corticis
1012 961 1091 1004 sono
1107 940 1325 1025 experiuntur.

203 1038 273 1103 Iam
302 1039 432 1122 quidem
462 1050 495 1104 et
523 1038 584 1104 hoc
611 1040 644 1104 in
667 1040 798 1107 luxuria
825 1061 896 1104 esse
918 1040 1023 1124 coepit
1044 1040 1327 1126 praegrandesque

203 1138 355 1204 roborum
371 1138 554 1203 delicatiore
569 1150 643 1203 sunt
657 1139 691 1202 in
705 1138 935 1205 cibo-cassis
950 1149 1215 1224 vocant-atque
1230 1141 1326 1205 etiam

169 1288 172 1292 Δ
203 1239 307 1313 farina
328 1239 465 1325 saginati
487 1239 520 1303 hi
541 1261 670 1323 quoque
691 1239 794 1304 altiles
815 1239 906 1304 fiunt.
933 1238 1087 1305 Maxume
1102 1250 1208 1304 autem
1230 1241 1325 1306 arbo-

203 1363 276 1405 rum
297 1339 357 1404 hoe
387 1341 528 1405 sentiunt
549 1340 622 1424 piri,
651 1340 737 1417 mali,
763 1339 831 1417 fici,
858 1340 964 1403 minus
992 1361 1074 1423 quae
1103 1362 1229 1404 amarae
1251 1352 1326 1405 sunt

96 1453 99 1458 '
204 1451 237 1504 et
258 1440 419 1506 odoratae.
455 1439 577 1506 Eorum
599 1441 654 1523 qui
676 1440 800 1505 inficis
828 1439 989 1505 exsistunt
1014 1439 1068 1503 alii
1089 1452 1264 1505 nascuntur
1285 1463 1325 1505 ex
1339 1454 1385 1500 aar

202 1540 293 1626 ipsis,
321 1540 401 1605 alios
422 1540 507 1625 parit
526 1540 582 1623 qui
604 1550 738 1604 vocatur
759 1550 916 1617 cerastes3
946 1561 1056 1604 omnes
1084 1551 1191 1605 tamen
1216 1542 1249 1605 in
1271 1564 1325 1606 ce-

202 1651 310 1706 rasten
332 1640 512 1726 figurantur
534 1662 712 1724 sonumque
733 1641 834 1705 edunt
855 1640 978 1725 parvoli
1001 1640 1157 1737 stridoris.
1186 1641 1233 1704 Et
1254 1664 1324 1707 sor-

203 1741 264 1807 bus
286 1740 381 1805 arbor
400 1739 572 1805 infestatur
592 1741 776 1807 vermiculis
797 1741 875 1806 rufis
889 1763 928 1806 ac
942 1741 1056 1826 pilosis
1070 1749 1164 1824 atque
1179 1740 1224 1804 ita
1239 1764 1326 1806 emo·

143 1926 147 1933 ¹
202 1841 302 1918 ritur3
335 1841 470 1925 mespila
503 1863 630 1926 quoquc
661 1842 695 1906 in
721 1849 857 1907 ¹stanecta
888 1842 1027 1906 obnoxia
1058 1841 1088 1905 ei
1120 1841 1231 1906 morbo
1263 1852 1324 1906 est.

155 1978 159 1983 ·
204 1939 366 2006 Sideratio
389 1951 456 2006 tota
477 1964 494 2005 e
517 1943 606 2006 caelo
629 1952 764 2021 constat,
793 1952 991 2027 quapropter
1019 1953 1051 2005 et
1078 1942 1201 2027 grando
1222 1942 1254 2005 in
1276 1941 1326 2007 his
1340 1956 1389 2000 aaa

203 2043 309 2107 causis
335 2041 479 2130 intellegi
507 2041 604 2107 debet
631 2053 663 2108 ct
689 2042 932 2108 carbunculatio
966 2052 998 2106 et
1024 2042 1110 2124 quod
1137 2043 1326 2128 pruinarum

203 2141 321 2206 iniuria
342 2142 459 2207 evenit.
483 2142 576 2208 Haec
598 2143 683 2208 enim
704 2166 803 2209 verno
825 2153 935 2229 tepore
949 2143 1093 2208 invitatis
1113 2154 1144 2207 et
1158 2166 1325 2229 erumpere

204 2241 395 2307 audentibus
418 2242 494 2308 satis
516 2243 665 2320 mollibus
685 2244 829 2309 insidens
852 2243 959 2308 adurit
979 2243 1183 2309 lactescentis
1205 2243 1325 2330 germi-

137 2402 140 2407 .
204 2365 281 2407 num
302 2345 422 2422 oculos,
445 2344 532 2429 quod
553 2344 586 2408 in
607 2343 685 2409 flore
708 2344 938 2409 carbunculum
952 2356 1075 2409 vocant.
1097 2343 1236 2409 Pruinae
1250 2367 1325 2429 per-

204 2442 356 2508 niciosior
376 2455 501 2520 natura,
523 2445 674 2527 quoniam
694 2446 787 2530 lapsa
808 2445 950 2530 persidet
970 2445 1120 2530 gelatque
1142 2467 1179 2509 ao
1193 2467 1233 2510 ne
1247 2467 1327 2509 aura

203 2544 334 2627 quidem
355 2545 420 2609 ulla
441 2544 624 2629 depellitur,
653 2545 730 2629 quia
750 2568 815 2610 non
842 2545 880 2611 fit
900 2546 963 2610 nisi
984 2546 1105 2610 inmoto
1126 2567 1200 2610 aere
1222 2555 1254 2610 et
1275 2567 1326 2610 se·

204 2667 292 2709 reno.
325 2643 496 2730 Proprium
518 2655 626 2710 tamen
648 2645 849 2711 siderationis
873 2656 922 2711 est
943 2645 1003 2711 sub
1025 2657 1099 2711 ortu
1121 2645 1210 2710 canis
1233 2645 1326 2709 sicci·
1340 2655 1390 2700 ²2³

206 2746 320 2810 tatium
334 2767 445 2830 vapor,
468 2767 542 2809 cum
555 2745 652 2810 insita
665 2767 703 2809 ac
717 2745 862 2811 novellae
876 2745 1007 2811 arbores
1020 2746 1210 2822 moriuntur,
1232 2766 1326 2829 prae·

205 2847 299 2931 cipue
324 2845 405 2910 ficus
433 2855 465 2910 et
492 2846 585 2910 vites.
621 2843 704 2910 Olea
732 2857 862 2930 praeter
888 2846 1197 2922 vermiculationem,
1230 2867 1327 2929 quam

114 3035 117 3040 .
205 2967 308 3029 aeque
329 2945 461 3010 acticus
476 2946 584 3023 sentit,
607 2946 730 3010 clavom
752 2946 848 3011 etiam
870 2947 1000 3030 patitur,
1025 2946 1092 3012 sive
1107 2948 1241 3033 fungum
1256 2945 1327 3029 pla·

241 3165 326 3210 omnm,
337 3151 427 3200 Dalec.
447 3192 478 3199 ..
496 3158 591 3214 quanto,
603 3153 648 3202 ad.
667 3193 698 3201 -
714 3151 801 3214 phebea,
817 3145 866 3202 Oa
882 3150 956 3215 plebs,
969 3145 1041 3216 ᾱβγ.

241 3220 326 3280 ξ22ο.
355 3216 626 3281 covi‚d(codd.Gel.)
643 3218 741 3279 conia.
762 3259 788 3267 -
810 3212 1267 3281 ertocin,0'1¹ad.erintoe‚ss.-
1289 3214 1329 3263 de·

209 3283 328 3332 licentiores
339 3285 375 3332 ati
385 3284 417 3346 in,
430 3301 452 3334 a.
471 3284 619 3334 delicatiores
630 3294 657 3334 at
666 3286 698 3341 in,
712 3289 735 3335 d.
756 3326 783 3334 -
804 3303 887 3347 meses,
899 3289 943 3336 ad.
962 3302 1045 3346 maros,
1062 3278 1115 3345 θβ.
1134 3300 1173 3333 eos
1184 3300 1268 3342 corsos,
1280 3298 1300 3331 r.

242 3353 328 3414 §m
355 3351 534 3413 carnanaad.
561 3361 622 3414 sant,
641 3355 671 3403 T.
698 3355 781 3403 Dera
796 3370 820 3403 v.
832 3355 964 3418 Theophr.
976 3354 1033 3403 hist.
1046 3352 1125 3416 plant
1138 3351 1239 3410 lvere,
1255 3357 1277 3399 5.
1298 3390 1328 3398 -

209 3434 246 3478 ex,
258 3421 282 3467 d.
302 3425 331 3478 et,
344 3435 367 3468 a.
384 3460 415 3468 -
433 3418 503 3479 alius,
516 3437 539 3470 a.
553 3460 583 3468 -
602 3436 735 3483 sonumque,
748 3423 793 3470 ad.
810 3437 899 3483 sonum,
912 3437 932 3470 r.
946 3460 976 3470 ..
995 3435 1032 3480 oc,
1048 3412 1077 3469 θ.
1095 3426 1125 3478 et,
1137 3418 1212 3481 Tdr.
1232 3418 1289 3468 Om.
1299 3412 1328 3477 β.

211 3526 242 3534 -
260 3485 367 3548 nepta,
380 3487 425 3536 ad.
453 3482 633 3550 mespileaflr.
660 3486 781 3538 Ceterum
801 3485 1184 3552 v.Theophr.1.1.11L1ac.
1206 3525 1237 3531 -
1264 3497 1329 3529 sene-

209 3559 278 3611 ctute,
290 3554 345 3602 Τὰ.
364 3594 395 3602 ..
413 3553 522 3615 obodae,
535 3556 559 3602 d.
578 3593 609 3603 ..
627 3554 660 3614 in,
673 3555 718 3603 ad.

244 3619 329 3680 §222
355 3619 452 3682 eccela,
467 3614 566 3670 OTad.
593 3616 705 3681 caelari.
730 3662 761 3671 ..
787 3629 810 3670 et
821 3616 948 3684 quodad.
976 3627 1005 3680 et,
1018 3619 1092 3669 codd.
1106 3617 1162 3668 Gal.
1188 3657 1218 3665 ..
1246 3615 1331 3676 trituris

210 3687 281 3748 verrit,
294 3704 316 3737 a.
336 3728 367 3737 -
387 3696 494 3751 tempore,
507 3689 550 3737 ad.
1198 3692 1203 3701 '

244 3757 258 3818 ξ
272 3761 329 3806 223.
347 3756 389 3803 snb
401 3764 462 3816 ortu,
476 3750 574 3804 orae.
592 3755 623 3802 ab
635 3762 695 3815 ortu,
707 3750 736 3815 β.
755 3755 869 3818 sumpsit
880 3755 944 3804 haec
955 3753 1021 3802 Plin.
1034 3767 1067 3801 ex
1079 3753 1211 3815 Theophr.
1222 3753 1253 3801 de
1262 3766 1329 3800 caus.

210 3823 289 3886 plant.
302 3824 336 3873 V.
350 3828 373 3883 a,
388 3829 410 3872 1.
429 3864 460 3872 ..
479 3821 510 3870 eit
521 3821 635 3882 aarum,
648 3823 692 3871 ad.
710 3821 850 3882 siccitatum,
861 3816 911 3885 βγ.
928 3860 951 3868 -
975 3819 1054 3880 insin,
1067 3820 1111 3869 Ta
1122 3817 1209 3882 (codd.
1222 3819 1330 3869 salmas.

211 3904 295 3939 exerc.
307 3906 332 3954 p.
345 3896 403 3941 416.
416 3891 440 3938 b.
452 3887 500 3951 D.)
524 3887 617 3949 insitae,
631 3885 703 3953 ᾱβγ.
724 3931 753 3938 -
782 3887 841 3938 Olea
849 3894 948 3952 praeter
958 3888 1011 3946 rel,
1025 3888 1132 3950 sumpsit
1145 3888 1208 3936 hacc
1218 3887 1285 3935 Plin.
1298 3901 1331 3934 ex

211 3957 341 4020 uneopnr.
354 3958 413 4007 hist.
426 3958 504 4019 plaut.
518 3956 564 4004 IV.
580 3963 619 4016 lt,
634 3963 654 4005 l.
682 3997 711 4004 -
741 3953 801 4005 Coto
813 3956 844 4005 de
856 3970 883 4005 re
894 3961 955 4005 rust.
969 3958 992 4002 6.
1015 3994 1046 4003 -
1074 3962 1096 4002 et
1113 3953 1193 4015 nimio,
1213 3949 1330 4003 OTadr.

213 4023 286 4071 nimia
298 4031 327 4085 et,
338 4020 368 4086 β.
388 4065 417 4072 -
436 4022 541 4087 opncses',
553 4040 575 4072 a.
780 4060 785 4069 .

246 4089 331 4150 §m
357 4098 392 4151 ut,
404 4095 439 4141 a².
458 4098 491 4151 at,
504 4091 539 4140 a¹.
557 4088 598 4151 ad,
611 4094 634 4140 d.
656 4131 685 4139 ..
705 4089 812 4150 bominis,
825 4091 847 4138 d.
867 4130 897 4138 ..
917 4089 1037 4152 inrumpit,
1049 4106 1088 4139 ar.
1112 4087 1218 4152 erumpit,
1232 4082 1281 4147 ἀβ.
1301 4129 1329 4135 -

214 4157 350 4219 inarescent,
363 4175 386 4208 a.

248 4224 332 4284 §tta
360 4241 473 4288 moraque,
490 4219 567 4275 OTd.
586 4227 731 4288 morbisque,
744 4219 792 4284 ass.
814 4265 843 4274 ..
861 4223 959 4288 pluitur,
971 4242 993 4276 a.
1014 4266 1043 4273 -
1068 4223 1190 4289 lnrpr'ores,
1203 4223 1293 4272 Dalee.
1308 4229 1332 4269 et
