<?xml version="1.0" encoding="UTF-8"?>
<!DOCTYPE html PUBLIC "-//W3C//DTD XHTML 1.0 Transitional//EN"
    "http://www.w3.org/TR/xhtml1/DTD/xhtml1-transitional.dtd">
<html xmlns="http://www.w3.org/1999/xhtml" xml:lang="en" lang="en">
 <head>
  <title>
</title>
<meta http-equiv="Content-Type" content="text/html;charset=utf-8" />
  <meta name='ocr-system' content='tesseract 3.04.00' />
  <meta name='ocr-capabilities' content='ocr_page ocr_carea ocr_par ocr_line ocrx_word'/>
</head>
<body>
  <div class='ocr_page' id='page_1' title='image "./cplinisecundina11plingoog_0366.png"; bbox 0 0 2896 4792; ppageno 0'>
   <div class='ocr_carea' id='block_1_1' title="bbox 414 256 1273 323">
    <p class='ocr_par' dir='ltr' id='par_1_1' title="bbox 414 256 1273 323">
     <span class='ocr_line' id='line_1_1' title="bbox 414 256 1273 323; baseline -0.002 0"><span class='ocrx_word' id='word_1_1' title='bbox 414 278 484 323; x_wconf 81' lang='lat' dir='ltr'>ms.</span> <span class='ocrx_word' id='word_1_2' title='bbox 500 277 574 323; x_wconf 82' lang='lat' dir='ltr'>xxr.</span> <span class='ocrx_word' id='word_1_3' title='bbox 604 275 682 323; x_wconf 73' lang='lat' dir='ltr'>cnr.</span> <span class='ocrx_word' id='word_1_4' title='bbox 699 276 736 323; x_wconf 91' lang='lat' dir='ltr'>u.</span> <span class='ocrx_word' id='word_1_5' title='bbox 751 276 801 322; x_wconf 91' lang='lat'>111.</span> <span class='ocrx_word' id='word_1_6' title='bbox 831 273 928 322; x_wconf 78' lang='lat' dir='ltr'>sacr.</span> <span class='ocrx_word' id='word_1_7' title='bbox 944 275 999 318; x_wconf 79' lang='lat' dir='ltr'>2.r.</span> <span class='ocrx_word' id='word_1_8' title='bbox 1212 256 1273 321; x_wconf 83' lang='grc'>361</span> 
     </span>
    </p>
   </div>
   <div class='ocr_carea' id='block_1_2' title="bbox 154 425 1391 2737">
    <p class='ocr_par' dir='ltr' id='par_1_2' title="bbox 154 425 1391 2531">
     <span class='ocr_line' id='line_1_2' title="bbox 197 425 1303 515; baseline -0.01 -18"><span class='ocrx_word' id='word_1_9' title='bbox 197 433 227 497; x_wconf 82' lang='grc'><strong>5.</strong></span> <span class='ocrx_word' id='word_1_10' title='bbox 250 426 388 515; x_wconf 85' lang='lat' dir='ltr'>Semper</span> <span class='ocrx_word' id='word_1_11' title='bbox 415 438 521 492; x_wconf 86' lang='lat' dir='ltr'>tamen</span> <span class='ocrx_word' id='word_1_12' title='bbox 543 426 718 493; x_wconf 87' lang='lat' dir='ltr'>auctoritas</span> <span class='ocrx_word' id='word_1_13' title='bbox 744 426 796 493; x_wconf 91' lang='lat' dir='ltr'>vel</span> <span class='ocrx_word' id='word_1_14' title='bbox 817 426 939 492; x_wconf 87' lang='lat' dir='ltr'>ludicro</span> <span class='ocrx_word' id='word_1_15' title='bbox 961 425 1177 511; x_wconf 86' lang='lat' dir='ltr'>quaesitarum</span> <span class='ocrx_word' id='word_1_16' title='bbox 1197 425 1303 505; x_wconf 77' lang='lat' dir='ltr'>fuit3r</span> 
     </span>
     <span class='ocr_line' id='line_1_3' title="bbox 154 526 1276 614; baseline -0.004 -17"><span class='ocrx_word' id='word_1_17' title='bbox 154 552 294 614; x_wconf 88' lang='lat' dir='ltr'>namque</span> <span class='ocrx_word' id='word_1_18' title='bbox 316 530 358 595; x_wconf 86' lang='lat' dir='ltr'>ad</span> <span class='ocrx_word' id='word_1_19' title='bbox 380 528 554 594; x_wconf 88' lang='lat' dir='ltr'>certamina</span> <span class='ocrx_word' id='word_1_20' title='bbox 574 528 608 592; x_wconf 94' lang='lat' dir='ltr'>in</span> <span class='ocrx_word' id='word_1_21' title='bbox 629 527 748 594; x_wconf 87' lang='lat' dir='ltr'>circum</span> <span class='ocrx_word' id='word_1_22' title='bbox 771 549 831 613; x_wconf 89' lang='lat' dir='ltr'>per</span> <span class='ocrx_word' id='word_1_23' title='bbox 851 527 943 593; x_wconf 92' lang='lat' dir='ltr'>ludos</span> <span class='ocrx_word' id='word_1_24' title='bbox 965 538 996 591; x_wconf 94' lang='lat' dir='ltr'>et</span> <span class='ocrx_word' id='word_1_25' title='bbox 1016 526 1080 613; x_wconf 86' lang='lat' dir='ltr'>ipsi</span> <span class='ocrx_word' id='word_1_26' title='bbox 1101 526 1276 592; x_wconf 87' lang='lat' dir='ltr'>descende-</span> 
     </span>
     <span class='ocr_line' id='line_1_4' title="bbox 156 627 1391 723; baseline -0.003 -26"><span class='ocrx_word' id='word_1_27' title='bbox 156 632 233 698; x_wconf 86' lang='lat' dir='ltr'>bant</span> <span class='ocrx_word' id='word_1_28' title='bbox 255 642 288 697; x_wconf 91' lang='lat' dir='ltr'>et</span> <span class='ocrx_word' id='word_1_29' title='bbox 309 652 419 697; x_wconf 88' lang='lat' dir='ltr'>servos</span> <span class='ocrx_word' id='word_1_30' title='bbox 441 651 516 695; x_wconf 91' lang='lat' dir='ltr'>suos</span> <span class='ocrx_word' id='word_1_31' title='bbox 539 651 703 714; x_wconf 83' lang='lat' dir='ltr'>equosque</span> <span class='ocrx_word' id='word_1_32' title='bbox 724 627 904 694; x_wconf 82' lang='lat' dir='ltr'><strong>mittebant.</strong></span> <span class='ocrx_word' id='word_1_33' title='bbox 932 628 1014 694; x_wconf 90' lang='lat' dir='ltr'>Inde</span> <span class='ocrx_word' id='word_1_34' title='bbox 1037 628 1091 692; x_wconf 91' lang='lat' dir='ltr'>illa</span> <span class='ocrx_word' id='word_1_35' title='bbox 1111 652 1159 692; x_wconf 90' lang='lat' dir='ltr'>xn</span> <span class='ocrx_word' id='word_1_36' title='bbox 1182 627 1276 693; x_wconf 89' lang='lat' dir='ltr'>tabu·</span> <span class='ocrx_word' id='word_1_37' title='bbox 1381 702 1391 723; x_wconf 32' lang='grc' dir='ltr'><em>ι</em></span> 
     </span>
     <span class='ocr_line' id='line_1_5' title="bbox 155 727 1277 817; baseline -0.007 -18"><span class='ocrx_word' id='word_1_38' title='bbox 155 736 259 799; x_wconf 86' lang='lat' dir='ltr'>larum</span> <span class='ocrx_word' id='word_1_39' title='bbox 280 731 349 798; x_wconf 78' lang='lat' dir='ltr'>lexr</span> <span class='ocrx_word' id='word_1_40' title='bbox 373 731 453 817; x_wconf 86' lang='lat' dir='ltr'>„qui</span> <span class='ocrx_word' id='word_1_41' title='bbox 476 752 626 797; x_wconf 88' lang='lat' dir='ltr'>coronam</span> <span class='ocrx_word' id='word_1_42' title='bbox 648 731 731 816; x_wconf 88' lang='lat' dir='ltr'>parit</span> <span class='ocrx_word' id='word_1_43' title='bbox 753 731 823 816; x_wconf 92' lang='lat' dir='ltr'>ipse</span> <span class='ocrx_word' id='word_1_44' title='bbox 844 729 1021 816; x_wconf 83' lang='lat' dir='ltr'>pecuniave</span> <span class='ocrx_word' id='word_1_45' title='bbox 1044 729 1127 806; x_wconf 85' lang='lat' dir='ltr'>eius,</span> <span class='ocrx_word' id='word_1_46' title='bbox 1149 727 1277 794; x_wconf 84' lang='lat' dir='ltr'>virtutis</span> 
     </span>
     <span class='ocr_line' id='line_1_6' title="bbox 157 828 1277 919; baseline -0.004 -20"><span class='ocrx_word' id='word_1_47' title='bbox 157 857 234 900; x_wconf 90' lang='lat' dir='ltr'>suae</span> <span class='ocrx_word' id='word_1_48' title='bbox 256 855 333 919; x_wconf 87' lang='lat' dir='ltr'>ergo</span> <span class='ocrx_word' id='word_1_49' title='bbox 354 832 463 898; x_wconf 88' lang='lat' dir='ltr'>duitor</span> <span class='ocrx_word' id='word_1_50' title='bbox 484 831 547 897; x_wconf 87' lang='lat' dir='ltr'>ei.&#39;&#39;</span> <span class='ocrx_word' id='word_1_51' title='bbox 576 828 684 912; x_wconf 81' lang='lat' dir='ltr'>Quam</span> <span class='ocrx_word' id='word_1_52' title='bbox 707 831 792 897; x_wconf 86' lang='lat' dir='ltr'>servi</span> <span class='ocrx_word' id='word_1_53' title='bbox 814 831 931 915; x_wconf 85' lang='lat' dir='ltr'>equive</span> <span class='ocrx_word' id='word_1_54' title='bbox 952 831 1154 907; x_wconf 86' lang='lat' dir='ltr'>meruissent,</span> <span class='ocrx_word' id='word_1_55' title='bbox 1177 851 1277 914; x_wconf 90' lang='lat' dir='ltr'>pecu·</span> 
     </span>
     <span class='ocr_line' id='line_1_7' title="bbox 156 930 1280 1022; baseline -0.004 -22"><span class='ocrx_word' id='word_1_56' title='bbox 156 937 210 1000; x_wconf 89' lang='lat' dir='ltr'>nia</span> <span class='ocrx_word' id='word_1_57' title='bbox 232 945 358 1022; x_wconf 85' lang='lat' dir='ltr'>partam</span> <span class='ocrx_word' id='word_1_58' title='bbox 380 934 452 1020; x_wconf 86' lang='lat' dir='ltr'>lege</span> <span class='ocrx_word' id='word_1_59' title='bbox 479 932 543 998; x_wconf 91' lang='lat' dir='ltr'>dici</span> <span class='ocrx_word' id='word_1_60' title='bbox 565 954 658 997; x_wconf 90' lang='lat' dir='ltr'>nemo</span> <span class='ocrx_word' id='word_1_61' title='bbox 680 930 849 997; x_wconf 83' lang='lat' dir='ltr'>dubitavit.</span> <span class='ocrx_word' id='word_1_62' title='bbox 883 930 966 1013; x_wconf 80' lang='lat' dir='ltr'>Quis</span> <span class='ocrx_word' id='word_1_63' title='bbox 988 954 1065 1018; x_wconf 89' lang='lat' dir='ltr'>crgo</span> <span class='ocrx_word' id='word_1_64' title='bbox 1086 931 1211 996; x_wconf 81' lang='lat' dir='ltr'>honos?</span> <span class='ocrx_word' id='word_1_65' title='bbox 1243 941 1280 997; x_wconf 93' lang='lat' dir='ltr'>ut</span> 
     </span>
     <span class='ocr_line' id='line_1_8' title="bbox 155 1030 1278 1122; baseline -0.004 -22"><span class='ocrx_word' id='word_1_66' title='bbox 155 1037 218 1122; x_wconf 89' lang='lat' dir='ltr'>ipsi</span> <span class='ocrx_word' id='word_1_67' title='bbox 239 1046 365 1102; x_wconf 90' lang='lat' dir='ltr'>mortuo</span> <span class='ocrx_word' id='word_1_68' title='bbox 388 1032 637 1121; x_wconf 87' lang='lat' dir='ltr'>parentibusque</span> <span class='ocrx_word' id='word_1_69' title='bbox 659 1033 744 1112; x_wconf 90' lang='lat' dir='ltr'>eius,</span> <span class='ocrx_word' id='word_1_70' title='bbox 768 1032 845 1097; x_wconf 90' lang='lat' dir='ltr'>dum</span> <span class='ocrx_word' id='word_1_71' title='bbox 866 1033 953 1098; x_wconf 91' lang='lat' dir='ltr'>intus</span> <span class='ocrx_word' id='word_1_72' title='bbox 974 1032 1098 1118; x_wconf 86' lang='lat' dir='ltr'>positus</span> <span class='ocrx_word' id='word_1_73' title='bbox 1121 1043 1207 1098; x_wconf 86' lang='lat' dir='ltr'>esset</span> <span class='ocrx_word' id='word_1_74' title='bbox 1228 1030 1278 1096; x_wconf 90' lang='lat' dir='ltr'>fo·</span> 
     </span>
     <span class='ocr_line' id='line_1_9' title="bbox 156 1133 1278 1219; baseline -0.004 -17"><span class='ocrx_word' id='word_1_75' title='bbox 156 1138 241 1204; x_wconf 87' lang='lat' dir='ltr'>risve</span> <span class='ocrx_word' id='word_1_76' title='bbox 262 1137 412 1214; x_wconf 88' lang='lat' dir='ltr'>ferretur,</span> <span class='ocrx_word' id='word_1_77' title='bbox 435 1135 504 1201; x_wconf 87' lang='lat' dir='ltr'>sine</span> <span class='ocrx_word' id='word_1_78' title='bbox 527 1134 641 1200; x_wconf 83' lang='lat' dir='ltr'>fraude</span> <span class='ocrx_word' id='word_1_79' title='bbox 663 1144 748 1200; x_wconf 89' lang='lat' dir='ltr'>esset</span> <span class='ocrx_word' id='word_1_80' title='bbox 769 1134 927 1219; x_wconf 86' lang='lat' dir='ltr'>inposita3</span> <span class='ocrx_word' id='word_1_81' title='bbox 962 1134 1041 1199; x_wconf 88' lang='lat' dir='ltr'>alias</span> <span class='ocrx_word' id='word_1_82' title='bbox 1063 1133 1096 1198; x_wconf 90' lang='lat' dir='ltr'>in</span> <span class='ocrx_word' id='word_1_83' title='bbox 1118 1156 1180 1198; x_wconf 89' lang='lat' dir='ltr'>usu</span> <span class='ocrx_word' id='word_1_84' title='bbox 1202 1154 1278 1218; x_wconf 91' lang='lat' dir='ltr'>pro·</span> 
     </span>
     <span class='ocr_line' id='line_1_10' title="bbox 156 1233 1280 1321; baseline -0.005 -17"><span class='ocrx_word' id='word_1_85' title='bbox 156 1241 279 1304; x_wconf 89' lang='lat' dir='ltr'>miscuo</span> <span class='ocrx_word' id='word_1_86' title='bbox 311 1260 351 1303; x_wconf 91' lang='lat' dir='ltr'>ne</span> <span class='ocrx_word' id='word_1_87' title='bbox 382 1236 526 1302; x_wconf 82' lang='lat' dir='ltr'>ludicrae</span> <span class='ocrx_word' id='word_1_88' title='bbox 558 1235 696 1320; x_wconf 88' lang='lat' dir='ltr'>quidem·</span> <span class='ocrx_word' id='word_1_89' title='bbox 720 1245 824 1312; x_wconf 88' lang='lat' dir='ltr'>erant;</span> <span class='ocrx_word' id='word_1_90' title='bbox 862 1236 891 1300; x_wconf 88' lang='lat'>6.</span> <span class='ocrx_word' id='word_1_91' title='bbox 924 1235 1102 1321; x_wconf 82' lang='lat' dir='ltr'>ingensque</span> <span class='ocrx_word' id='word_1_92' title='bbox 1142 1244 1174 1298; x_wconf 90' lang='lat' dir='ltr'>et</span> <span class='ocrx_word' id='word_1_93' title='bbox 1205 1233 1280 1298; x_wconf 90' lang='lat' dir='ltr'>hinc</span> 
     </span>
     <span class='ocr_line' id='line_1_11' title="bbox 157 1334 1308 1423; baseline -0.004 -20"><span class='ocrx_word' id='word_1_94' title='bbox 157 1337 320 1403; x_wconf 85' lang='lat' dir='ltr'>severitas.</span> <span class='ocrx_word' id='word_1_95' title='bbox 350 1336 391 1403; x_wconf 88' lang='lat' dir='ltr'>L.</span> <span class='ocrx_word' id='word_1_96' title='bbox 414 1336 554 1409; x_wconf 82' lang='lat' dir='ltr'>Fulvius¹</span> <span class='ocrx_word' id='word_1_97' title='bbox 572 1336 772 1423; x_wconf 88' lang='lat' dir='ltr'>argentarius</span> <span class='ocrx_word' id='word_1_98' title='bbox 793 1335 878 1402; x_wconf 93' lang='lat' dir='ltr'>bello</span> <span class='ocrx_word' id='word_1_99' title='bbox 899 1334 1024 1401; x_wconf 90' lang='lat' dir='ltr'>Punico</span> <span class='ocrx_word' id='word_1_100' title='bbox 1047 1334 1186 1400; x_wconf 88' lang='lat' dir='ltr'>secundo</span> <span class='ocrx_word' id='word_1_101' title='bbox 1207 1353 1308 1399; x_wconf 81' lang='lat' dir='ltr'>cume</span> 
     </span>
     <span class='ocr_line' id='line_1_12' title="bbox 158 1436 1279 1523; baseline -0.004 -20"><span class='ocrx_word' id='word_1_102' title='bbox 158 1460 275 1504; x_wconf 91' lang='lat' dir='ltr'>corona</span> <span class='ocrx_word' id='word_1_103' title='bbox 306 1459 437 1505; x_wconf 87' lang='lat' dir='ltr'>rosacea</span> <span class='ocrx_word' id='word_1_104' title='bbox 470 1437 611 1503; x_wconf 86' lang='lat' dir='ltr'>interdiu</span> <span class='ocrx_word' id='word_1_105' title='bbox 637 1460 655 1503; x_wconf 88' lang='lat' dir='ltr'>e</span> <span class='ocrx_word' id='word_1_106' title='bbox 688 1436 823 1523; x_wconf 86' lang='lat' dir='ltr'>pergula</span> <span class='ocrx_word' id='word_1_107' title='bbox 856 1459 914 1502; x_wconf 86' lang='lat' dir='ltr'>sua</span> <span class='ocrx_word' id='word_1_108' title='bbox 947 1438 981 1501; x_wconf 91' lang='lat' dir='ltr'>iu</span> <span class='ocrx_word' id='word_1_109' title='bbox 1011 1436 1116 1501; x_wconf 86' lang='lat' dir='ltr'>lorum</span> <span class='ocrx_word' id='word_1_110' title='bbox 1145 1456 1279 1522; x_wconf 83' lang='lat' dir='ltr'>prospe·</span> 
     </span>
     <span class='ocr_line' id='line_1_13' title="bbox 158 1535 1281 1605; baseline 0.002 -4"><span class='ocrx_word' id='word_1_111' title='bbox 158 1540 245 1605; x_wconf 86' lang='lat' dir='ltr'>xisse</span> <span class='ocrx_word' id='word_1_112' title='bbox 275 1538 379 1604; x_wconf 88' lang='lat' dir='ltr'>dictus</span> <span class='ocrx_word' id='word_1_113' title='bbox 412 1561 453 1604; x_wconf 85' lang='lat' dir='ltr'>cx</span> <span class='ocrx_word' id='word_1_114' title='bbox 488 1539 676 1605; x_wconf 88' lang='lat' dir='ltr'>auctoritate</span> <span class='ocrx_word' id='word_1_115' title='bbox 711 1548 841 1604; x_wconf 88' lang='lat' dir='ltr'>senatus</span> <span class='ocrx_word' id='word_1_116' title='bbox 868 1540 902 1603; x_wconf 93' lang='lat' dir='ltr'>in</span> <span class='ocrx_word' id='word_1_117' title='bbox 935 1559 1093 1605; x_wconf 80' lang='lat' dir='ltr'>carcerem</span> <span class='ocrx_word' id='word_1_118' title='bbox 1122 1535 1281 1603; x_wconf 79' lang='lat' dir='ltr'>abductus</span> 
     </span>
     <span class='ocr_line' id='line_1_14' title="bbox 158 1637 1280 1718; baseline -0.002 -14"><span class='ocrx_word' id='word_1_119' title='bbox 158 1663 221 1705; x_wconf 90' lang='lat' dir='ltr'>non</span> <span class='ocrx_word' id='word_1_120' title='bbox 249 1651 323 1705; x_wconf 88' lang='lat' dir='ltr'>ante</span> <span class='ocrx_word' id='word_1_121' title='bbox 349 1640 447 1706; x_wconf 85' lang='lat' dir='ltr'>finem</span> <span class='ocrx_word' id='word_1_122' title='bbox 467 1640 543 1707; x_wconf 92' lang='lat' dir='ltr'>belli</span> <span class='ocrx_word' id='word_1_123' title='bbox 562 1641 699 1706; x_wconf 87' lang='lat' dir='ltr'>emissus</span> <span class='ocrx_word' id='word_1_124' title='bbox 722 1649 780 1705; x_wconf 90' lang='lat' dir='ltr'>est.</span> <span class='ocrx_word' id='word_1_125' title='bbox 813 1639 851 1704; x_wconf 93' lang='lat' dir='ltr'>P.</span> <span class='ocrx_word' id='word_1_126' title='bbox 877 1638 1060 1718; x_wconf 86' lang='lat' dir='ltr'>Munatius,</span> <span class='ocrx_word' id='word_1_127' title='bbox 1089 1660 1162 1703; x_wconf 91' lang='lat' dir='ltr'>cum</span> <span class='ocrx_word' id='word_1_128' title='bbox 1191 1637 1280 1703; x_wconf 90' lang='lat' dir='ltr'>dem-</span> 
     </span>
     <span class='ocr_line' id='line_1_15' title="bbox 160 1739 1282 1828; baseline 0 -24"><span class='ocrx_word' id='word_1_129' title='bbox 160 1750 248 1826; x_wconf 82' lang='lat' dir='ltr'>ptam</span> <span class='ocrx_word' id='word_1_130' title='bbox 268 1739 421 1825; x_wconf 86' lang='lat' dir='ltr'>Marsyae</span> <span class='ocrx_word' id='word_1_131' title='bbox 451 1763 601 1807; x_wconf 86' lang='lat' dir='ltr'>coronam</span> <span class='ocrx_word' id='word_1_132' title='bbox 624 1764 642 1808; x_wconf 93' lang='lat' dir='ltr'>e</span> <span class='ocrx_word' id='word_1_133' title='bbox 662 1740 796 1807; x_wconf 88' lang='lat' dir='ltr'>floribus</span> <span class='ocrx_word' id='word_1_134' title='bbox 818 1740 914 1828; x_wconf 88' lang='lat' dir='ltr'>capiti</span> <span class='ocrx_word' id='word_1_135' title='bbox 937 1763 995 1807; x_wconf 89' lang='lat' dir='ltr'>suo</span> <span class='ocrx_word' id='word_1_136' title='bbox 1015 1741 1211 1827; x_wconf 86' lang='lat' dir='ltr'>inposuisset</span> <span class='ocrx_word' id='word_1_137' title='bbox 1231 1749 1282 1804; x_wconf 89' lang='lat' dir='ltr'>at-</span> 
     </span>
     <span class='ocr_line' id='line_1_16' title="bbox 159 1840 1282 1926; baseline 0.001 -21"><span class='ocrx_word' id='word_1_138' title='bbox 159 1863 222 1926; x_wconf 88' lang='lat' dir='ltr'>que</span> <span class='ocrx_word' id='word_1_139' title='bbox 249 1840 290 1907; x_wconf 94' lang='lat' dir='ltr'>ob</span> <span class='ocrx_word' id='word_1_140' title='bbox 318 1841 352 1905; x_wconf 91' lang='lat' dir='ltr'>id</span> <span class='ocrx_word' id='word_1_141' title='bbox 374 1841 447 1907; x_wconf 91' lang='lat' dir='ltr'>duci</span> <span class='ocrx_word' id='word_1_142' title='bbox 475 1864 549 1908; x_wconf 92' lang='lat' dir='ltr'>eum</span> <span class='ocrx_word' id='word_1_143' title='bbox 577 1841 611 1907; x_wconf 89' lang='lat' dir='ltr'>in</span> <span class='ocrx_word' id='word_1_144' title='bbox 632 1843 761 1908; x_wconf 87' lang='lat' dir='ltr'>vincula</span> <span class='ocrx_word' id='word_1_145' title='bbox 782 1843 941 1909; x_wconf 83' lang='lat' dir='ltr'>triumviri</span> <span class='ocrx_word' id='word_1_146' title='bbox 961 1841 1141 1920; x_wconf 86' lang='lat' dir='ltr'>iussissent,</span> <span class='ocrx_word' id='word_1_147' title='bbox 1169 1840 1282 1926; x_wconf 84' lang='lat' dir='ltr'>appel-</span> 
     </span>
     <span class='ocr_line' id='line_1_17' title="bbox 158 1940 1310 2028; baseline 0.001 -24"><span class='ocrx_word' id='word_1_148' title='bbox 158 1941 235 2008; x_wconf 88' lang='lat' dir='ltr'>lavit</span> <span class='ocrx_word' id='word_1_149' title='bbox 257 1941 403 2008; x_wconf 89' lang='lat' dir='ltr'>tribunos</span> <span class='ocrx_word' id='word_1_150' title='bbox 424 1940 521 2028; x_wconf 92' lang='lat' dir='ltr'>plebi.</span> <span class='ocrx_word' id='word_1_151' title='bbox 554 1941 624 2010; x_wconf 89' lang='lat' dir='ltr'>Nec</span> <span class='ocrx_word' id='word_1_152' title='bbox 644 1944 852 2010; x_wconf 85' lang='lat' dir='ltr'>intercessere</span> <span class='ocrx_word' id='word_1_153' title='bbox 873 1944 929 2024; x_wconf 87' lang='lat' dir='ltr'>illi,</span> <span class='ocrx_word' id='word_1_154' title='bbox 952 1944 1044 2009; x_wconf 87' lang='lat' dir='ltr'>aliter</span> <span class='ocrx_word' id='word_1_155' title='bbox 1065 1964 1162 2028; x_wconf 92' lang='lat' dir='ltr'>quam</span> <span class='ocrx_word' id='word_1_156' title='bbox 1175 1941 1310 2008; x_wconf 83' lang='lat' dir='ltr'>Athe-e</span> 
     </span>
     <span class='ocr_line' id='line_1_18' title="bbox 159 2042 1282 2122; baseline 0.002 -15"><span class='ocrx_word' id='word_1_157' title='bbox 159 2043 220 2122; x_wconf 84' lang='lat' dir='ltr'>nis,</span> <span class='ocrx_word' id='word_1_158' title='bbox 249 2043 304 2109; x_wconf 90' lang='lat' dir='ltr'>ubi</span> <span class='ocrx_word' id='word_1_159' title='bbox 330 2043 570 2110; x_wconf 81' lang='lat' dir='ltr'>comissabundi</span> <span class='ocrx_word' id='word_1_160' title='bbox 594 2045 729 2112; x_wconf 89' lang='lat' dir='ltr'>iuvenes</span> <span class='ocrx_word' id='word_1_161' title='bbox 751 2058 825 2111; x_wconf 85' lang='lat' dir='ltr'>ante</span> <span class='ocrx_word' id='word_1_162' title='bbox 845 2045 1009 2112; x_wconf 88' lang='lat' dir='ltr'>meridiem</span> <span class='ocrx_word' id='word_1_163' title='bbox 1031 2042 1209 2111; x_wconf 85' lang='lat' dir='ltr'>conventus</span> <span class='ocrx_word' id='word_1_164' title='bbox 1230 2064 1282 2109; x_wconf 86' lang='lat' dir='ltr'>sa-</span> 
     </span>
     <span class='ocr_line' id='line_1_19' title="bbox 159 2144 1282 2233; baseline 0 -24"><span class='ocrx_word' id='word_1_165' title='bbox 159 2144 315 2230; x_wconf 89' lang='lat' dir='ltr'>pientium</span> <span class='ocrx_word' id='word_1_166' title='bbox 342 2166 469 2231; x_wconf 90' lang='lat' dir='ltr'>quoquc</span> <span class='ocrx_word' id='word_1_167' title='bbox 490 2146 654 2212; x_wconf 89' lang='lat' dir='ltr'>doctrinae</span> <span class='ocrx_word' id='word_1_168' title='bbox 681 2147 938 2232; x_wconf 81' lang='lat' dir='ltr'>frequentabant.</span> <span class='ocrx_word' id='word_1_169' title='bbox 972 2146 1074 2233; x_wconf 89' lang='lat' dir='ltr'>Apud</span> <span class='ocrx_word' id='word_1_170' title='bbox 1092 2169 1152 2212; x_wconf 90' lang='lat' dir='ltr'>nos</span> <span class='ocrx_word' id='word_1_171' title='bbox 1173 2166 1282 2210; x_wconf 84' lang='lat' dir='ltr'>exem-</span> 
     </span>
     <span class='ocr_line' id='line_1_20' title="bbox 159 2245 1282 2335; baseline 0.004 -27"><span class='ocrx_word' id='word_1_172' title='bbox 159 2245 248 2329; x_wconf 90' lang='lat' dir='ltr'>plum</span> <span class='ocrx_word' id='word_1_173' title='bbox 268 2247 415 2312; x_wconf 86' lang='lat' dir='ltr'>licentiae</span> <span class='ocrx_word' id='word_1_174' title='bbox 440 2247 536 2312; x_wconf 91' lang='lat' dir='ltr'>huius</span> <span class='ocrx_word' id='word_1_175' title='bbox 561 2270 626 2312; x_wconf 92' lang='lat' dir='ltr'>non</span> <span class='ocrx_word' id='word_1_176' title='bbox 654 2259 703 2314; x_wconf 83' lang='lat' dir='ltr'>est</span> <span class='ocrx_word' id='word_1_177' title='bbox 728 2249 815 2314; x_wconf 86' lang='lat' dir='ltr'>aliud</span> <span class='ocrx_word' id='word_1_178' title='bbox 836 2270 933 2334; x_wconf 88' lang='lat' dir='ltr'>quam</span> <span class='ocrx_word' id='word_1_179' title='bbox 949 2248 1015 2313; x_wconf 86' lang='lat' dir='ltr'>filia</span> <span class='ocrx_word' id='word_1_180' title='bbox 1040 2248 1106 2314; x_wconf 88' lang='lat' dir='ltr'>divi</span> <span class='ocrx_word' id='word_1_181' title='bbox 1128 2246 1282 2335; x_wconf 83' lang='lat' dir='ltr'>Augusti,</span> 
     </span>
     <span class='ocr_line' id='line_1_21' title="bbox 160 2345 1283 2433; baseline 0.004 -23"><span class='ocrx_word' id='word_1_182' title='bbox 160 2345 252 2410; x_wconf 89' lang='lat' dir='ltr'>cuius</span> <span class='ocrx_word' id='word_1_183' title='bbox 272 2345 400 2410; x_wconf 86' lang='lat' dir='ltr'>luxuria</span> <span class='ocrx_word' id='word_1_184' title='bbox 421 2346 569 2412; x_wconf 85' lang='lat' dir='ltr'>noctibus</span> <span class='ocrx_word' id='word_1_185' title='bbox 590 2360 775 2415; x_wconf 90' lang='lat' dir='ltr'>coronatum</span> <span class='ocrx_word' id='word_1_186' title='bbox 789 2348 957 2433; x_wconf 88' lang='lat' dir='ltr'>Marsyam</span> <span class='ocrx_word' id='word_1_187' title='bbox 976 2348 1101 2415; x_wconf 88' lang='lat' dir='ltr'>litterae</span> <span class='ocrx_word' id='word_1_188' title='bbox 1122 2348 1208 2415; x_wconf 87' lang='lat' dir='ltr'>illius</span> <span class='ocrx_word' id='word_1_189' title='bbox 1229 2348 1283 2414; x_wconf 89' lang='lat' dir='ltr'>dei</span> 
     </span>
     <span class='ocr_line' id='line_1_22' title="bbox 161 2456 304 2531; baseline -0.007 -20"><span class='ocrx_word' id='word_1_190' title='bbox 161 2456 304 2531; x_wconf 87' lang='lat' dir='ltr'>gemunt.</span> 
     </span>
    </p>

    <p class='ocr_par' dir='ltr' id='par_1_3' title="bbox 163 2544 1329 2737">
     <span class='ocr_line' id='line_1_23' title="bbox 197 2544 1329 2636; baseline -0.002 -25"><span class='ocrx_word' id='word_1_191' title='bbox 197 2549 233 2611; x_wconf 83' lang='grc'>-7,</span> <span class='ocrx_word' id='word_1_192' title='bbox 262 2544 396 2611; x_wconf 85' lang='lat' dir='ltr'>Florum</span> <span class='ocrx_word' id='word_1_193' title='bbox 429 2547 558 2633; x_wconf 88' lang='lat' dir='ltr'>quidem</span> <span class='ocrx_word' id='word_1_194' title='bbox 590 2547 729 2634; x_wconf 86' lang='lat' dir='ltr'>populus</span> <span class='ocrx_word' id='word_1_195' title='bbox 755 2548 918 2614; x_wconf 87' lang='lat' dir='ltr'>Romanus</span> <span class='ocrx_word' id='word_1_196' title='bbox 950 2548 1102 2615; x_wconf 91' lang='lat' dir='ltr'>honorem</span> <span class='ocrx_word' id='word_1_197' title='bbox 1135 2548 1281 2636; x_wconf 88' lang='lat' dir='ltr'>Scipioni</span> <span class='ocrx_word' id='word_1_198' title='bbox 1297 2566 1329 2610; x_wconf 88' lang='lat' dir='ltr'>ro</span> 
     </span>
     <span class='ocr_line' id='line_1_24' title="bbox 163 2646 1282 2737; baseline 0.005 -27"><span class='ocrx_word' id='word_1_199' title='bbox 163 2656 287 2715; x_wconf 90' lang='lat' dir='ltr'>tantum</span> <span class='ocrx_word' id='word_1_200' title='bbox 300 2646 422 2714; x_wconf 88' lang='lat' dir='ltr'>habuit.</span> <span class='ocrx_word' id='word_1_201' title='bbox 447 2646 583 2735; x_wconf 88' lang='lat' dir='ltr'>Serapio</span> <span class='ocrx_word' id='word_1_202' title='bbox 595 2648 880 2737; x_wconf 86' lang='lat' dir='ltr'>cognominabatur</span> <span class='ocrx_word' id='word_1_203' title='bbox 893 2661 1027 2736; x_wconf 91' lang='lat' dir='ltr'>propter</span> <span class='ocrx_word' id='word_1_204' title='bbox 1042 2649 1282 2717; x_wconf 87' lang='lat' dir='ltr'>similitudinem</span> 
     </span>
    </p>
   </div>
   <div class='ocr_carea' id='block_1_3' title="bbox 162 2817 1282 2958">
    <p class='ocr_par' dir='ltr' id='par_1_4' title="bbox 162 2817 1282 2958">
     <span class='ocr_line' id='line_1_25' title="bbox 162 2817 1282 2885; baseline 0.007 -18"><span class='ocrx_word' id='word_1_205' title='bbox 162 2818 242 2881; x_wconf 80' lang='lat' dir='ltr'>lonas,</span> <span class='ocrx_word' id='word_1_206' title='bbox 254 2821 288 2870; x_wconf 88' lang='lat' dir='ltr'>V.</span> <span class='ocrx_word' id='word_1_207' title='bbox 312 2817 393 2880; x_wconf 81' lang='lat' dir='ltr'>bonor,</span> <span class='ocrx_word' id='word_1_208' title='bbox 404 2820 458 2871; x_wconf 77' lang='lat' dir='ltr'>ltu.</span> <span class='ocrx_word' id='word_1_209' title='bbox 478 2862 510 2872; x_wconf 91' lang='lat'>-</span> <span class='ocrx_word' id='word_1_210' title='bbox 532 2819 655 2884; x_wconf 73' lang='lat' dir='ltr'>Etruscos,</span> <span class='ocrx_word' id='word_1_211' title='bbox 667 2823 701 2874; x_wconf 87' lang='lat' dir='ltr'>V.</span> <span class='ocrx_word' id='word_1_212' title='bbox 720 2860 751 2872; x_wconf 80' lang='grc'>..</span> <span class='ocrx_word' id='word_1_213' title='bbox 775 2822 795 2872; x_wconf 85' lang='lat' dir='ltr'>r&#39;i</span> <span class='ocrx_word' id='word_1_214' title='bbox 804 2821 906 2885; x_wconf 80' lang='lat' dir='ltr'>caelare,</span> <span class='ocrx_word' id='word_1_215' title='bbox 918 2826 950 2875; x_wconf 86' lang='lat' dir='ltr'>R.</span> <span class='ocrx_word' id='word_1_216' title='bbox 974 2822 1012 2872; x_wconf 83' lang='lat' dir='ltr'>bic</span> <span class='ocrx_word' id='word_1_217' title='bbox 1022 2822 1111 2885; x_wconf 78' lang='lat' dir='ltr'>actare,</span> <span class='ocrx_word' id='word_1_218' title='bbox 1124 2825 1157 2874; x_wconf 94' lang='lat' dir='ltr'>V.</span> <span class='ocrx_word' id='word_1_219' title='bbox 1180 2823 1218 2874; x_wconf 80' lang='lat' dir='ltr'>lu‘c</span> <span class='ocrx_word' id='word_1_220' title='bbox 1229 2840 1282 2875; x_wconf 76' lang='lat' dir='ltr'>cas·</span> 
     </span>
     <span class='ocr_line' id='line_1_26' title="bbox 162 2885 1230 2958; baseline 0.007 -23"><span class='ocrx_word' id='word_1_221' title='bbox 162 2885 222 2948; x_wconf 80' lang='lat' dir='ltr'>lare,</span> <span class='ocrx_word' id='word_1_222' title='bbox 236 2890 261 2938; x_wconf 92' lang='lat' dir='ltr'>d.</span> <span class='ocrx_word' id='word_1_223' title='bbox 281 2927 312 2938; x_wconf 89' lang='grc'>..</span> <span class='ocrx_word' id='word_1_224' title='bbox 332 2887 492 2951; x_wconf 67' lang='lat' dir='ltr'>brumamque,</span> <span class='ocrx_word' id='word_1_225' title='bbox 504 2889 537 2940; x_wconf 87' lang='lat' dir='ltr'>V.</span> <span class='ocrx_word' id='word_1_226' title='bbox 557 2889 700 2954; x_wconf 63' lang='lat' dir='ltr'>bruttiusque,</span> <span class='ocrx_word' id='word_1_227' title='bbox 712 2891 766 2942; x_wconf 87' lang='lat' dir='ltr'>Rd.</span> <span class='ocrx_word' id='word_1_228' title='bbox 784 2892 976 2955; x_wconf 77' lang='lat' dir='ltr'>bracteammqaa</span> <span class='ocrx_word' id='word_1_229' title='bbox 987 2890 1057 2940; x_wconf 80' lang='lat' dir='ltr'>etiam</span> <span class='ocrx_word' id='word_1_230' title='bbox 1065 2890 1185 2958; x_wconf 73' lang='lat' dir='ltr'>philyrae,</span> <span class='ocrx_word' id='word_1_231' title='bbox 1197 2893 1230 2942; x_wconf 89' lang='lat' dir='ltr'>K.</span> 
     </span>
    </p>
   </div>
   <div class='ocr_carea' id='block_1_4' title="bbox 158 2971 1282 3571">
    <p class='ocr_par' dir='ltr' id='par_1_5' title="bbox 158 2971 1282 3571">
     <span class='ocr_line' id='line_1_27' title="bbox 194 2971 1282 3041; baseline 0.002 -19"><span class='ocrx_word' id='word_1_232' title='bbox 194 2973 209 3035; x_wconf 85' lang='lat'>§</span> <span class='ocrx_word' id='word_1_233' title='bbox 223 2975 246 3022; x_wconf 82' lang='lat'>7.</span> <span class='ocrx_word' id='word_1_234' title='bbox 273 2984 396 3034; x_wconf 77' lang='lat' dir='ltr'>equosque,</span> <span class='ocrx_word' id='word_1_235' title='bbox 408 2971 516 3024; x_wconf 80' lang='lat' dir='ltr'>Salmas.</span> <span class='ocrx_word' id='word_1_236' title='bbox 539 2989 649 3038; x_wconf 77' lang='lat' dir='ltr'>quosque,</span> <span class='ocrx_word' id='word_1_237' title='bbox 661 2975 765 3026; x_wconf 70' lang='lat' dir='ltr'>12de</span> <span class='ocrx_word' id='word_1_238' title='bbox 777 2974 864 3039; x_wconf 84' lang='lat' dir='ltr'>(codd.</span> <span class='ocrx_word' id='word_1_239' title='bbox 876 2972 998 3037; x_wconf 81' lang='lat' dir='ltr'>Salmas.)</span> <span class='ocrx_word' id='word_1_240' title='bbox 1020 2975 1126 3041; x_wconf 66' lang='lat' dir='ltr'>qumque,</span> <span class='ocrx_word' id='word_1_241' title='bbox 1137 2971 1166 3037; x_wconf 80' lang='grc' dir='ltr'><strong>β.</strong></span> <span class='ocrx_word' id='word_1_242' title='bbox 1188 2973 1282 3040; x_wconf 69' lang='lat' dir='ltr'>quique,</span> 
     </span>
     <span class='ocr_line' id='line_1_28' title="bbox 162 3037 1281 3109; baseline 0.005 -23"><span class='ocrx_word' id='word_1_243' title='bbox 162 3051 187 3101; x_wconf 76' lang='grc' dir='ltr'><strong>γ.</strong></span> <span class='ocrx_word' id='word_1_244' title='bbox 207 3062 238 3087; x_wconf 62' lang='lat'>.=.</span> <span class='ocrx_word' id='word_1_245' title='bbox 256 3037 352 3087; x_wconf 79' lang='lat' dir='ltr'>virtutis</span> <span class='ocrx_word' id='word_1_246' title='bbox 363 3055 427 3098; x_wconf 82' lang='lat' dir='ltr'>suae,</span> <span class='ocrx_word' id='word_1_247' title='bbox 438 3041 506 3090; x_wconf 88' lang='lat' dir='ltr'>Pint.</span> <span class='ocrx_word' id='word_1_248' title='bbox 519 3048 545 3091; x_wconf 90' lang='lat' dir='ltr'>et</span> <span class='ocrx_word' id='word_1_249' title='bbox 556 3041 669 3092; x_wconf 81' lang='lat' dir='ltr'>Gronov.</span> <span class='ocrx_word' id='word_1_250' title='bbox 688 3042 772 3092; x_wconf 80' lang='lat' dir='ltr'>virtuti</span> <span class='ocrx_word' id='word_1_251' title='bbox 780 3059 845 3103; x_wconf 78' lang='lat' dir='ltr'>cuce,</span> <span class='ocrx_word' id='word_1_252' title='bbox 858 3044 889 3094; x_wconf 84' lang='lat' dir='ltr'>T.</span> <span class='ocrx_word' id='word_1_253' title='bbox 911 3043 1039 3101; x_wconf 76' lang='lat' dir='ltr'>uirtutbve,</span> <span class='ocrx_word' id='word_1_254' title='bbox 1052 3037 1281 3109; x_wconf 68' lang='lat' dir='ltr'>ouvxdtupp</span> 
     </span>
     <span class='ocr_line' id='line_1_29' title="bbox 160 3102 1282 3175; baseline 0.004 -21"><span class='ocrx_word' id='word_1_255' title='bbox 160 3102 248 3166; x_wconf 89' lang='lat' dir='ltr'>(codd.</span> <span class='ocrx_word' id='word_1_256' title='bbox 266 3106 346 3156; x_wconf 85' lang='lat' dir='ltr'>Turn.</span> <span class='ocrx_word' id='word_1_257' title='bbox 363 3109 419 3157; x_wconf 83' lang='lat' dir='ltr'>adv.</span> <span class='ocrx_word' id='word_1_258' title='bbox 435 3112 527 3169; x_wconf 55' lang='lat' dir='ltr'>luto.</span> <span class='ocrx_word' id='word_1_259' title='bbox 543 3116 569 3159; x_wconf 89' lang='lat' dir='ltr'>et</span> <span class='ocrx_word' id='word_1_260' title='bbox 585 3109 686 3160; x_wconf 85' lang='lat' dir='ltr'>Thuan.</span> <span class='ocrx_word' id='word_1_261' title='bbox 703 3126 744 3175; x_wconf 88' lang='lat' dir='ltr'>ap.</span> <span class='ocrx_word' id='word_1_262' title='bbox 758 3108 879 3173; x_wconf 82' lang='lat' dir='ltr'>Salmas.)</span> <span class='ocrx_word' id='word_1_263' title='bbox 906 3109 1007 3171; x_wconf 75' lang='lat' dir='ltr'>mrbrtt&#39;r,</span> <span class='ocrx_word' id='word_1_264' title='bbox 1024 3107 1074 3175; x_wconf 77' lang='grc' dir='ltr'>βγ.</span> <span class='ocrx_word' id='word_1_265' title='bbox 1098 3152 1131 3161; x_wconf 82' lang='lat'>-</span> <span class='ocrx_word' id='word_1_266' title='bbox 1157 3109 1282 3173; x_wconf 77' lang='lat' dir='ltr'>duitorer‘,</span> 
     </span>
     <span class='ocr_line' id='line_1_30' title="bbox 162 3170 1282 3240; baseline 0.004 -17"><span class='ocrx_word' id='word_1_267' title='bbox 162 3172 275 3223; x_wconf 80' lang='lat' dir='ltr'>Gronov.</span> <span class='ocrx_word' id='word_1_268' title='bbox 297 3171 378 3221; x_wconf 81' lang='lat' dir='ltr'>duitar</span> <span class='ocrx_word' id='word_1_269' title='bbox 389 3172 419 3233; x_wconf 75' lang='lat' dir='ltr'>ei,</span> <span class='ocrx_word' id='word_1_270' title='bbox 431 3175 499 3224; x_wconf 90' lang='lat' dir='ltr'>Pint.</span> <span class='ocrx_word' id='word_1_271' title='bbox 512 3175 591 3224; x_wconf 86' lang='lat' dir='ltr'>V¹d²</span> <span class='ocrx_word' id='word_1_272' title='bbox 602 3174 731 3240; x_wconf 79' lang='lat' dir='ltr'>(Thuan.)</span> <span class='ocrx_word' id='word_1_273' title='bbox 754 3176 852 3227; x_wconf 80' lang='lat' dir='ltr'>danitar</span> <span class='ocrx_word' id='word_1_274' title='bbox 863 3177 892 3240; x_wconf 84' lang='lat' dir='ltr'>ei,</span> <span class='ocrx_word' id='word_1_275' title='bbox 904 3179 936 3233; x_wconf 83' lang='grc' dir='ltr'>Τ.</span> <span class='ocrx_word' id='word_1_276' title='bbox 963 3175 1079 3227; x_wconf 80' lang='lat' dir='ltr'>dividitur</span> <span class='ocrx_word' id='word_1_277' title='bbox 1090 3178 1118 3238; x_wconf 82' lang='lat' dir='ltr'>ei,</span> <span class='ocrx_word' id='word_1_278' title='bbox 1134 3170 1198 3228; x_wconf 69' lang='lat' dir='ltr'>Odl.</span> <span class='ocrx_word' id='word_1_279' title='bbox 1221 3176 1282 3227; x_wconf 79' lang='grc' dir='ltr'>(1ίυί-</span> 
     </span>
     <span class='ocr_line' id='line_1_31' title="bbox 161 3236 1282 3310; baseline 0.008 -24"><span class='ocrx_word' id='word_1_280' title='bbox 161 3236 225 3287; x_wconf 82' lang='lat' dir='ltr'>ditor</span> <span class='ocrx_word' id='word_1_281' title='bbox 236 3239 267 3299; x_wconf 80' lang='lat' dir='ltr'>ei,</span> <span class='ocrx_word' id='word_1_282' title='bbox 278 3240 357 3289; x_wconf 86' lang='lat' dir='ltr'>Turn.</span> <span class='ocrx_word' id='word_1_283' title='bbox 369 3240 402 3289; x_wconf 80' lang='lat' dir='ltr'><strong>K</strong></span> <span class='ocrx_word' id='word_1_284' title='bbox 420 3240 530 3303; x_wconf 73' lang='lat' dir='ltr'>arquitur</span> <span class='ocrx_word' id='word_1_285' title='bbox 541 3240 570 3302; x_wconf 83' lang='lat' dir='ltr'>ei,</span> <span class='ocrx_word' id='word_1_286' title='bbox 579 3244 634 3294; x_wconf 85' lang='lat' dir='ltr'>RV</span> <span class='ocrx_word' id='word_1_287' title='bbox 642 3241 747 3309; x_wconf 70' lang='grc' dir='ltr'>2ὃθρφ</span> <span class='ocrx_word' id='word_1_288' title='bbox 756 3243 843 3308; x_wconf 89' lang='lat' dir='ltr'>(codd.</span> <span class='ocrx_word' id='word_1_289' title='bbox 852 3246 966 3296; x_wconf 76' lang='lat' dir='ltr'>&#39;l&#39;urnebi</span> <span class='ocrx_word' id='word_1_290' title='bbox 975 3253 1000 3295; x_wconf 89' lang='lat' dir='ltr'>ct</span> <span class='ocrx_word' id='word_1_291' title='bbox 1009 3241 1148 3306; x_wconf 75' lang='lat' dir='ltr'>salmasii).</span> <span class='ocrx_word' id='word_1_292' title='bbox 1165 3245 1282 3310; x_wconf 64' lang='lat' dir='ltr'>arquitur,</span> 
     </span>
     <span class='ocr_line' id='line_1_32' title="bbox 160 3300 1281 3376; baseline 0.008 -23"><span class='ocrx_word' id='word_1_293' title='bbox 160 3300 190 3366; x_wconf 79' lang='grc' dir='ltr'><strong>β.</strong></span> <span class='ocrx_word' id='word_1_294' title='bbox 208 3304 324 3366; x_wconf 72' lang='grc' dir='ltr'>ανᾰιιίτον,</span> <span class='ocrx_word' id='word_1_295' title='bbox 337 3307 407 3368; x_wconf 87' lang='lat' dir='ltr'>Lips.</span> <span class='ocrx_word' id='word_1_296' title='bbox 420 3307 492 3370; x_wconf 81' lang='lat' dir='ltr'>epist.</span> <span class='ocrx_word' id='word_1_297' title='bbox 506 3317 601 3371; x_wconf 86' lang='lat' dir='ltr'>quaest.</span> <span class='ocrx_word' id='word_1_298' title='bbox 613 3312 638 3370; x_wconf 75' lang='lat' dir='ltr'>t,</span> <span class='ocrx_word' id='word_1_299' title='bbox 650 3315 692 3360; x_wconf 77' lang='lat'>26.</span> <span class='ocrx_word' id='word_1_300' title='bbox 715 3350 747 3361; x_wconf 83' lang='lat'>..</span> <span class='ocrx_word' id='word_1_301' title='bbox 770 3312 947 3375; x_wconf 63' lang='lat' dir='ltr'>paratuum</span> <span class='ocrx_word' id='word_1_302' title='bbox 971 3352 1003 3362; x_wconf 90' lang='lat'>..</span> <span class='ocrx_word' id='word_1_303' title='bbox 1026 3319 1124 3376; x_wconf 85' lang='lat' dir='ltr'>partam</span> <span class='ocrx_word' id='word_1_304' title='bbox 1137 3311 1193 3376; x_wconf 73' lang='lat' dir='ltr'>lopo,</span> <span class='ocrx_word' id='word_1_305' title='bbox 1206 3313 1281 3362; x_wconf 86' lang='lat' dir='ltr'>codd.</span> 
     </span>
     <span class='ocr_line' id='line_1_33' title="bbox 162 3370 1281 3442; baseline 0.005 -19"><span class='ocrx_word' id='word_1_306' title='bbox 162 3371 221 3423; x_wconf 87' lang='lat' dir='ltr'>Gcl.</span> <span class='ocrx_word' id='word_1_307' title='bbox 236 3380 334 3435; x_wconf 82' lang='lat' dir='ltr'>partam</span> <span class='ocrx_word' id='word_1_308' title='bbox 348 3370 428 3436; x_wconf 67' lang='lat' dir='ltr'>legera,</span> <span class='ocrx_word' id='word_1_309' title='bbox 440 3374 502 3426; x_wconf 86' lang='lat' dir='ltr'>RV.</span> <span class='ocrx_word' id='word_1_310' title='bbox 517 3382 611 3436; x_wconf 78' lang='lat' dir='ltr'>partem</span> <span class='ocrx_word' id='word_1_311' title='bbox 623 3373 703 3440; x_wconf 72' lang='lat' dir='ltr'>byca,</span> <span class='ocrx_word' id='word_1_312' title='bbox 715 3378 740 3426; x_wconf 94' lang='lat' dir='ltr'>d.</span> <span class='ocrx_word' id='word_1_313' title='bbox 759 3419 790 3427; x_wconf 94' lang='grc'>..</span> <span class='ocrx_word' id='word_1_314' title='bbox 809 3379 899 3441; x_wconf 81' lang='lat' dir='ltr'>merito,</span> <span class='ocrx_word' id='word_1_315' title='bbox 910 3380 942 3429; x_wconf 82' lang='grc' dir='ltr'><strong>Τ.</strong></span> <span class='ocrx_word' id='word_1_316' title='bbox 961 3419 993 3429; x_wconf 91' lang='grc'>..</span> <span class='ocrx_word' id='word_1_317' title='bbox 1012 3378 1183 3442; x_wconf 69' lang='lat' dir='ltr'>intraposita,</span> <span class='ocrx_word' id='word_1_318' title='bbox 1195 3380 1227 3429; x_wconf 80' lang='lat' dir='ltr'>R.</span> <span class='ocrx_word' id='word_1_319' title='bbox 1245 3378 1281 3428; x_wconf 62' lang='grc' dir='ltr'>ὑι-</span> 
     </span>
     <span class='ocr_line' id='line_1_34' title="bbox 158 3431 1281 3517; baseline 0.007 -30"><span class='ocrx_word' id='word_1_320' title='bbox 158 3438 257 3517; x_wconf 71' lang='lat' dir='ltr'>positar,</span> <span class='ocrx_word' id='word_1_321' title='bbox 272 3431 383 3489; x_wconf 74' lang='lat' dir='ltr'>Ovrd.</span> <span class='ocrx_word' id='word_1_322' title='bbox 403 3440 502 3504; x_wconf 73' lang='lat' dir='ltr'>positas,</span> <span class='ocrx_word' id='word_1_323' title='bbox 514 3440 622 3492; x_wconf 81' lang='lat' dir='ltr'>Salmas.</span> <span class='ocrx_word' id='word_1_324' title='bbox 637 3483 668 3492; x_wconf 88' lang='lat'>..</span> <span class='ocrx_word' id='word_1_325' title='bbox 686 3443 858 3507; x_wconf 54' lang='lat' dir='ltr'>efferretarffl.</span> <span class='ocrx_word' id='word_1_326' title='bbox 871 3487 903 3497; x_wconf 91' lang='lat'>..</span> <span class='ocrx_word' id='word_1_327' title='bbox 921 3443 1045 3510; x_wconf 70' lang='lat' dir='ltr'>impositus</span> <span class='ocrx_word' id='word_1_328' title='bbox 1053 3443 1111 3507; x_wconf 75' lang='lat' dir='ltr'>alab,</span> <span class='ocrx_word' id='word_1_329' title='bbox 1120 3445 1176 3497; x_wconf 80' lang='lat' dir='ltr'>vd.</span> <span class='ocrx_word' id='word_1_330' title='bbox 1196 3487 1227 3497; x_wconf 86' lang='lat'>..</span> <span class='ocrx_word' id='word_1_331' title='bbox 1245 3443 1281 3495; x_wconf 81' lang='lat' dir='ltr'>bt·</span> 
     </span>
     <span class='ocr_line' id='line_1_35' title="bbox 162 3504 780 3571; baseline 0.013 -17"><span class='ocrx_word' id='word_1_332' title='bbox 162 3504 225 3568; x_wconf 80' lang='lat' dir='ltr'>drus,</span> <span class='ocrx_word' id='word_1_333' title='bbox 237 3508 311 3558; x_wconf 85' lang='lat' dir='ltr'>codd.</span> <span class='ocrx_word' id='word_1_334' title='bbox 323 3509 402 3560; x_wconf 84' lang='lat' dir='ltr'>Turn.</span> <span class='ocrx_word' id='word_1_335' title='bbox 415 3510 471 3558; x_wconf 83' lang='lat' dir='ltr'>adv.</span> <span class='ocrx_word' id='word_1_336' title='bbox 486 3514 526 3570; x_wconf 81' lang='lat'>1⁸,</span> <span class='ocrx_word' id='word_1_337' title='bbox 538 3513 579 3559; x_wconf 77' lang='lat'>29.</span> <span class='ocrx_word' id='word_1_338' title='bbox 598 3550 629 3559; x_wconf 83' lang='lat'><em>-</em></span> <span class='ocrx_word' id='word_1_339' title='bbox 648 3517 737 3571; x_wconf 76' lang='lat' dir='ltr'>mart,</span> <span class='ocrx_word' id='word_1_340' title='bbox 748 3512 780 3562; x_wconf 75' lang='lat' dir='ltr'>R.</span> 
     </span>
    </p>
   </div>
   <div class='ocr_carea' id='block_1_5' title="bbox 162 3589 1279 3728">
    <p class='ocr_par' dir='ltr' id='par_1_6' title="bbox 162 3589 1279 3728">
     <span class='ocr_line' id='line_1_36' title="bbox 195 3589 1279 3660; baseline 0.007 -19"><span class='ocrx_word' id='word_1_341' title='bbox 195 3594 247 3656; x_wconf 67' lang='grc' dir='ltr'>ξε.</span> <span class='ocrx_word' id='word_1_342' title='bbox 274 3589 335 3654; x_wconf 73' lang='lat' dir='ltr'>tine,</span> <span class='ocrx_word' id='word_1_343' title='bbox 348 3592 424 3643; x_wconf 89' lang='lat' dir='ltr'>RVd</span> <span class='ocrx_word' id='word_1_344' title='bbox 437 3592 524 3655; x_wconf 89' lang='lat' dir='ltr'>(codd.</span> <span class='ocrx_word' id='word_1_345' title='bbox 537 3590 608 3655; x_wconf 81' lang='lat' dir='ltr'>Gcl.)</span> <span class='ocrx_word' id='word_1_346' title='bbox 630 3590 692 3656; x_wconf 80' lang='lat' dir='ltr'>bair,</span> <span class='ocrx_word' id='word_1_347' title='bbox 704 3595 735 3644; x_wconf 88' lang='lat' dir='ltr'>T.</span> <span class='ocrx_word' id='word_1_348' title='bbox 757 3593 802 3657; x_wconf 80' lang='lat' dir='ltr'>lu&#39;r,</span> <span class='ocrx_word' id='word_1_349' title='bbox 813 3612 833 3646; x_wconf 84' lang='lat' dir='ltr'>r.</span> <span class='ocrx_word' id='word_1_350' title='bbox 855 3594 900 3659; x_wconf 78' lang='lat' dir='ltr'>bic,</span> <span class='ocrx_word' id='word_1_351' title='bbox 911 3597 944 3648; x_wconf 88' lang='grc' dir='ltr'><strong>Κ.</strong></span> <span class='ocrx_word' id='word_1_352' title='bbox 963 3638 995 3646; x_wconf 88' lang='lat'><em>-</em></span> <span class='ocrx_word' id='word_1_353' title='bbox 1017 3599 1132 3660; x_wconf 65' lang='lat' dir='ltr'>qomitt</span> <span class='ocrx_word' id='word_1_354' title='bbox 1144 3598 1229 3649; x_wconf 87' lang='lat' dir='ltr'>RVd.</span> <span class='ocrx_word' id='word_1_355' title='bbox 1249 3639 1279 3649; x_wconf 87' lang='lat'><em>-</em></span> 
     </span>
     <span class='ocr_line' id='line_1_37' title="bbox 162 3651 1279 3728; baseline 0.01 -22"><span class='ocrx_word' id='word_1_356' title='bbox 162 3658 285 3720; x_wconf 79' lang='lat' dir='ltr'>abductas,</span> <span class='ocrx_word' id='word_1_357' title='bbox 301 3651 389 3712; x_wconf 70' lang='lat' dir='ltr'>GRV.</span> <span class='ocrx_word' id='word_1_358' title='bbox 408 3659 500 3724; x_wconf 68' lang='lat' dir='ltr'>tarbua,</span> <span class='ocrx_word' id='word_1_359' title='bbox 512 3661 566 3711; x_wconf 71' lang='grc' dir='ltr'><strong>Τὰ.</strong></span> <span class='ocrx_word' id='word_1_360' title='bbox 585 3658 709 3722; x_wconf 80' lang='lat' dir='ltr'>adductus,</span> <span class='ocrx_word' id='word_1_361' title='bbox 721 3658 750 3722; x_wconf 76' lang='grc' dir='ltr'><strong>β.</strong></span> <span class='ocrx_word' id='word_1_362' title='bbox 770 3702 800 3712; x_wconf 80' lang='grc'>..</span> <span class='ocrx_word' id='word_1_363' title='bbox 819 3660 945 3726; x_wconf 77' lang='lat' dir='ltr'>Marsuae,</span> <span class='ocrx_word' id='word_1_364' title='bbox 956 3664 1028 3715; x_wconf 85' lang='lat' dir='ltr'>RV&#39;.</span> <span class='ocrx_word' id='word_1_365' title='bbox 1046 3664 1165 3728; x_wconf 78' lang='lat' dir='ltr'>Marciae,</span> <span class='ocrx_word' id='word_1_366' title='bbox 1177 3666 1228 3716; x_wconf 85' lang='lat' dir='ltr'>V².</span> <span class='ocrx_word' id='word_1_367' title='bbox 1248 3706 1279 3717; x_wconf 91' lang='lat'>..</span> 
     </span>
    </p>
   </div>
   <div class='ocr_carea' id='block_1_6' title="bbox 162 3724 1280 3794">
    <p class='ocr_par' dir='ltr' id='par_1_7' title="bbox 162 3724 1280 3794">
     <span class='ocr_line' id='line_1_38' title="bbox 162 3724 1280 3794; baseline 0.008 -19"><span class='ocrx_word' id='word_1_368' title='bbox 162 3742 213 3775; x_wconf 83' lang='lat' dir='ltr'>cum</span> <span class='ocrx_word' id='word_1_369' title='bbox 225 3726 258 3788; x_wconf 79' lang='lat' dir='ltr'>ia,</span> <span class='ocrx_word' id='word_1_370' title='bbox 270 3728 323 3777; x_wconf 84' lang='lat' dir='ltr'>Rd.</span> <span class='ocrx_word' id='word_1_371' title='bbox 340 3743 399 3789; x_wconf 84' lang='lat' dir='ltr'>cam,</span> <span class='ocrx_word' id='word_1_372' title='bbox 411 3729 445 3779; x_wconf 92' lang='lat' dir='ltr'>V.</span> <span class='ocrx_word' id='word_1_373' title='bbox 465 3769 496 3778; x_wconf 81' lang='lat'>..</span> <span class='ocrx_word' id='word_1_374' title='bbox 511 3727 584 3792; x_wconf 79' lang='lat' dir='ltr'>plebi,</span> <span class='ocrx_word' id='word_1_375' title='bbox 596 3729 652 3779; x_wconf 90' lang='lat' dir='ltr'>Vd.</span> <span class='ocrx_word' id='word_1_376' title='bbox 666 3727 750 3793; x_wconf 71' lang='lat' dir='ltr'>plebis,</span> <span class='ocrx_word' id='word_1_377' title='bbox 763 3724 842 3794; x_wconf 74' lang='grc' dir='ltr'><strong>Ββγ.</strong></span> <span class='ocrx_word' id='word_1_378' title='bbox 860 3733 894 3782; x_wconf 87' lang='lat' dir='ltr'>V.</span> <span class='ocrx_word' id='word_1_379' title='bbox 906 3732 1035 3784; x_wconf 83' lang='lat' dir='ltr'>Drakeub.</span> <span class='ocrx_word' id='word_1_380' title='bbox 1048 3735 1081 3783; x_wconf 87' lang='lat' dir='ltr'>ad</span> <span class='ocrx_word' id='word_1_381' title='bbox 1091 3734 1147 3786; x_wconf 84' lang='lat' dir='ltr'>Liv.</span> <span class='ocrx_word' id='word_1_382' title='bbox 1160 3733 1195 3784; x_wconf 79' lang='lat' dir='ltr'>IL</span> <span class='ocrx_word' id='word_1_383' title='bbox 1205 3739 1246 3793; x_wconf 79' lang='lat' dir='ltr'>tr,</span> <span class='ocrx_word' id='word_1_384' title='bbox 1256 3739 1280 3785; x_wconf 78' lang='lat'>6.</span> 
     </span>
    </p>
   </div>
   <div class='ocr_carea' id='block_1_7' title="bbox 163 3803 1337 4084">
    <p class='ocr_par' dir='ltr' id='par_1_8' title="bbox 163 3803 1337 4084">
     <span class='ocr_line' id='line_1_39' title="bbox 197 3803 1282 3890; baseline 0.009 -33"><span class='ocrx_word' id='word_1_385' title='bbox 197 3809 248 3871; x_wconf 60' lang='lat' dir='ltr'>§b</span> <span class='ocrx_word' id='word_1_386' title='bbox 275 3808 455 3889; x_wconf 74' lang='lat' dir='ltr'>combsabaadr&#39;,</span> <span class='ocrx_word' id='word_1_387' title='bbox 470 3803 528 3890; x_wconf 62' lang='lat' dir='ltr'>Old.</span> <span class='ocrx_word' id='word_1_388' title='bbox 550 3811 754 3876; x_wconf 75' lang='lat' dir='ltr'>commissabuadt‘,</span> <span class='ocrx_word' id='word_1_389' title='bbox 766 3815 822 3865; x_wconf 89' lang='lat' dir='ltr'>Vd.</span> <span class='ocrx_word' id='word_1_390' title='bbox 840 3811 1084 3881; x_wconf 61' lang='lat' dir='ltr'>comersabaadbssr.</span> <span class='ocrx_word' id='word_1_391' title='bbox 1103 3858 1134 3868; x_wconf 88' lang='lat'>..</span> <span class='ocrx_word' id='word_1_392' title='bbox 1157 3825 1282 3868; x_wconf 76' lang='lat' dir='ltr'>convertar</span> 
     </span>
     <span class='ocr_line' id='line_1_40' title="bbox 163 3875 1337 4005; baseline 0.012 -13"><span class='ocrx_word' id='word_1_393' title='bbox 163 3875 731 4000; x_wconf 50' lang='lat' dir='ltr'>canceraremur</span> <span class='ocrx_word' id='word_1_394' title='bbox 756 3883 1282 4005; x_wconf 63' lang='lat' dir='ltr'>-rtuuttnururltu</span> <span class='ocrx_word' id='word_1_395' title='bbox 1327 3956 1337 3963; x_wconf 21' lang='grc' dir='ltr'>κ</span> 
     </span>
     <span class='ocr_line' id='line_1_41' title="bbox 163 3959 1279 4084; baseline 0.012 -26"><span class='ocrx_word' id='word_1_396' title='bbox 163 4010 232 4072; x_wconf 80' lang='lat' dir='ltr'>Aug.</span> <span class='ocrx_word' id='word_1_397' title='bbox 245 4016 285 4059; x_wconf 86' lang='grc'><strong>65.</strong></span> <span class='ocrx_word' id='word_1_398' title='bbox 303 3981 466 4063; x_wconf 78' lang='lat' dir='ltr'>Illustruruul</span> <span class='ocrx_word' id='word_1_399' title='bbox 476 4014 545 4063; x_wconf 86' lang='lat' dir='ltr'>hunc</span> <span class='ocrx_word' id='word_1_400' title='bbox 556 4014 643 4066; x_wconf 86' lang='lat' dir='ltr'>locum</span> <span class='ocrx_word' id='word_1_401' title='bbox 648 3985 724 4080; x_wconf 70' lang='lat' dir='ltr'>lips.</span> <span class='ocrx_word' id='word_1_402' title='bbox 733 3990 788 4067; x_wconf 54' lang='lat' dir='ltr'>b-nt.</span> <span class='ocrx_word' id='word_1_403' title='bbox 799 4016 869 4069; x_wconf 75' lang='lat' dir='ltr'>lectt.</span> <span class='ocrx_word' id='word_1_404' title='bbox 881 4025 905 4079; x_wconf 77' lang='lat'>3,</span> <span class='ocrx_word' id='word_1_405' title='bbox 916 4024 938 4069; x_wconf 94' lang='grc'>1.</span> <span class='ocrx_word' id='word_1_406' title='bbox 947 4033 973 4084; x_wconf 91' lang='lat' dir='ltr'>p.</span> <span class='ocrx_word' id='word_1_407' title='bbox 982 3959 1040 4070; x_wconf 71' lang='lat' dir='ltr'>elle.</span> <span class='ocrx_word' id='word_1_408' title='bbox 1052 3969 1119 4069; x_wconf 51' lang='lat' dir='ltr'>ettad</span> <span class='ocrx_word' id='word_1_409' title='bbox 1127 4019 1209 4070; x_wconf 84' lang='lat' dir='ltr'>Tacit.</span> <span class='ocrx_word' id='word_1_410' title='bbox 1220 3969 1279 4071; x_wconf 69' lang='lat' dir='ltr'>albu.</span> 
     </span>
    </p>
   </div>
   <div class='ocr_carea' id='block_1_8' title="bbox 163 4076 1280 4206">
    <p class='ocr_par' dir='ltr' id='par_1_9' title="bbox 163 4076 1280 4206">
     <span class='ocr_line' id='line_1_42' title="bbox 163 4076 1280 4206; baseline 0.013 -80"><span class='ocrx_word' id='word_1_411' title='bbox 163 4076 360 4206; x_wconf 49' lang='lat' dir='ltr'>pappanlpppep</span> <span class='ocrx_word' id='word_1_412' title='bbox 373 4086 534 4196; x_wconf 40' lang='lat' dir='ltr'>ppprasto.</span> <span class='ocrx_word' id='word_1_413' title='bbox 557 4087 582 4142; x_wconf 79' lang='lat'>4,</span> <span class='ocrx_word' id='word_1_414' title='bbox 596 4087 660 4144; x_wconf 79' lang='lat' dir='ltr'>ne,</span> <span class='ocrx_word' id='word_1_415' title='bbox 677 4082 793 4148; x_wconf 84' lang='lat' dir='ltr'>Scaliger</span> <span class='ocrx_word' id='word_1_416' title='bbox 808 4086 842 4135; x_wconf 87' lang='lat' dir='ltr'>ad</span> <span class='ocrx_word' id='word_1_417' title='bbox 856 4084 972 4150; x_wconf 71' lang='lat' dir='ltr'>Propert.</span> <span class='ocrx_word' id='word_1_418' title='bbox 988 4102 1015 4150; x_wconf 88' lang='lat' dir='ltr'>p.</span> <span class='ocrx_word' id='word_1_419' title='bbox 1027 4090 1085 4137; x_wconf 78' lang='lat'>290.</span> <span class='ocrx_word' id='word_1_420' title='bbox 1102 4092 1129 4136; x_wconf 89' lang='lat' dir='ltr'>et</span> <span class='ocrx_word' id='word_1_421' title='bbox 1140 4087 1230 4138; x_wconf 82' lang='lat' dir='ltr'>Heius.</span> <span class='ocrx_word' id='word_1_422' title='bbox 1246 4088 1280 4141; x_wconf 73' lang='lat' dir='ltr'>ad</span> 
     </span>
    </p>
   </div>
   <div class='ocr_carea' id='block_1_9' title="bbox 197 4226 1304 4303">
    <p class='ocr_par' dir='ltr' id='par_1_10' title="bbox 197 4226 1304 4303">
     <span class='ocr_line' id='line_1_43' title="bbox 197 4226 1304 4303; baseline 0.013 -26"><span class='ocrx_word' id='word_1_423' title='bbox 197 4228 262 4291; x_wconf 67' lang='lat'>510.</span> <span class='ocrx_word' id='word_1_424' title='bbox 289 4226 436 4293; x_wconf 63' lang='lat' dir='ltr'>adlrbaiqr.</span> <span class='ocrx_word' id='word_1_425' title='bbox 456 4270 486 4280; x_wconf 86' lang='grc'><strong>...</strong></span> <span class='ocrx_word' id='word_1_426' title='bbox 511 4229 621 4297; x_wconf 74' lang='lat' dir='ltr'>Serapio,</span> <span class='ocrx_word' id='word_1_427' title='bbox 634 4233 697 4286; x_wconf 80' lang='lat' dir='ltr'>RV.</span> <span class='ocrx_word' id='word_1_428' title='bbox 719 4230 816 4298; x_wconf 73' lang='lat' dir='ltr'>quotide</span> <span class='ocrx_word' id='word_1_429' title='bbox 827 4233 937 4300; x_wconf 63' lang='lat' dir='ltr'>Sermo,</span> <span class='ocrx_word' id='word_1_430' title='bbox 949 4237 980 4286; x_wconf 85' lang='grc' dir='ltr'><strong>Τ.</strong></span> <span class='ocrx_word' id='word_1_431' title='bbox 1006 4233 1071 4300; x_wconf 73' lang='lat' dir='ltr'>qaod</span> <span class='ocrx_word' id='word_1_432' title='bbox 1080 4233 1192 4303; x_wconf 77' lang='lat' dir='ltr'>Serapio,</span> <span class='ocrx_word' id='word_1_433' title='bbox 1204 4239 1247 4290; x_wconf 74' lang='lat' dir='ltr'>d.&#39;</span> <span class='ocrx_word' id='word_1_434' title='bbox 1302 4264 1304 4270; x_wconf 62' lang='lat'>=</span> 
     </span>
    </p>
   </div>
   <div class='ocr_carea' id='block_1_10' title="bbox 0 0 1463 4792">
    <p class='ocr_par' dir='ltr' id='par_1_11' title="bbox 0 0 1463 4792">
     <span class='ocr_line' id='line_1_44' title="bbox 0 0 1463 4792; baseline 0 0"><span class='ocrx_word' id='word_1_435' title='bbox 0 0 1463 4792; x_wconf 95' lang='lat' dir='ltr'> </span> 
     </span>
    </p>
   </div>
  </div>
 </body>
</html>
