2896 4792
560 160 576 187 N

419 302 488 348 nm.
506 302 593 349 xvu.
621 301 699 348 our.
715 300 817 348 amn.
848 299 946 348 sacr.
962 301 993 344 ³⁵.
1204 281 1260 344 121

146 452 200 518 Ex
214 451 266 517 his
281 445 390 516 emissi
404 451 552 536 palmites
566 473 722 536 proxumo
737 472 819 514 anno
834 448 907 514 imis
925 449 1113 535 ingerantur
1128 449 1265 514 scamnis
1279 464 1328 512 aos

146 576 186 618 ac
207 575 266 639 per
287 551 431 638 singulos
453 574 554 617 annos
575 551 617 616 ad
640 553 806 637 superiora
828 550 993 627 scandant,
1015 550 1126 613 relicto
1142 570 1267 634 semper

147 653 336 718 duramento
356 653 391 717 iu
413 652 549 740 singulis
571 652 723 718 tabulatis
746 662 777 716 et
800 650 966 716 emissario
991 672 1055 715 nno
1076 650 1131 734 qui
1154 649 1267 715 subeat

145 775 335 838 usquequo
357 753 524 839 placuerit.
546 752 599 818 De
621 762 727 819 cetero
748 753 913 838 putatione
937 751 1022 815 omni
1043 749 1170 837 flagella
1184 771 1266 833 quae

146 874 305 939 proxume
332 854 473 917 tulerunt
501 853 692 929 recidantur,
722 874 805 917 nova
830 851 1025 916 circumcisis
1046 850 1189 935 undique
1211 872 1265 915 oa·

146 954 268 1039 prsolis
299 963 492 1038 spargantur
518 953 552 1017 iu
580 952 741 1018 tabulatis.
778 952 961 1018 Vernacula
989 952 1113 1037 putatio
1135 950 1267 1017 deiectis

146 1076 207 1140 per
233 1076 339 1118 ramos
365 1053 478 1117 vitium
506 1052 648 1118 crinibus
677 1053 895 1118 circumvestit
927 1051 1075 1117 arborem
1106 1053 1267 1136 criniaque

146 1157 236 1242 ipsos
257 1154 339 1231 uvis,
372 1150 499 1218 Gallica
520 1153 554 1216 in
575 1154 724 1218 traduces
745 1153 932 1240 porrigitur,
958 1153 1114 1218 Aemiliae
1142 1155 1213 1218 viae
1233 1154 1266 1216 in

146 1256 266 1320 ridicas
287 1253 457 1318 atiniarum
478 1253 611 1332 ambitu,
634 1254 781 1319 frondem
803 1277 913 1318 earum
935 1255 1075 1342 fugiens.
1101 1253 1163 1318 Est
1186 1275 1266 1338 quo·
1280 1270 1331 1315 sos

148 1356 286 1419 rundam
306 1355 456 1440 inperitia
479 1353 539 1418 sub
561 1376 649 1419 ramo
672 1355 768 1419 vitem
790 1354 918 1420 vinculo
942 1355 1169 1440 suspendendi,
1198 1355 1267 1419 suf-

52 1530 59 1539 ·
149 1457 275 1521 locante
296 1453 430 1532 iniuria3
454 1454 610 1520 contineri
632 1455 728 1520 debet
749 1455 879 1532 vimine,
902 1477 966 1520 non
989 1456 1103 1530 artari3
1127 1509 1169 1520 -
1190 1456 1269 1540 quin

148 1557 245 1621 immo
270 1557 367 1619 etiam
390 1554 509 1639 quibus
537 1555 649 1620 salices
673 1565 857 1640 supersunt,
887 1555 1031 1620 molliore
1056 1555 1116 1619 hoc
1142 1556 1270 1621 vinculo

150 1657 257 1721 facere
278 1657 402 1721 malunt
421 1655 595 1740 herbaque,
620 1653 721 1721 Siculi
744 1678 841 1739 quam
862 1666 976 1720 vocant
999 1655 1268 1741 ampelodesmou‚

150 1754 289 1821 Graecia
309 1779 385 1822 vero
406 1756 558 1835 universa
579 1757 685 1834 iunco,
707 1778 836 1842 cypero,
860 1757 935 1821 ulva
940 1782 950 1835 3
972 1811 1012 1820 ..
1034 1756 1169 1822 liberata
1189 1777 1269 1839 quo-

151 1878 214 1940 que
242 1857 371 1923 vinculo
398 1879 457 1942 per
486 1857 608 1940 aliquot
630 1857 700 1921 dies
721 1858 832 1945 vagari
854 1868 887 1921 et
906 1857 1069 1922 incondita
1090 1856 1200 1942 spargi
1221 1866 1270 1920 at·

150 1959 268 2040 quein
290 1967 374 2022 terra
396 1979 492 2041 quam
513 1981 573 2043 per
594 1967 697 2023 totum
718 1980 839 2023 anuum
862 1958 1054 2043 spectaverit
1075 1957 1270 2022 recumbere.

150 2055 298 2141 Namque
319 2069 356 2123 ut
376 2058 520 2123 veterina
541 2083 560 2123 a
581 2059 659 2145 iugo
681 2071 713 2123 et
736 2081 831 2124 canes
853 2081 983 2124 acursu
1003 2058 1155 2123 volutatio
1170 2059 1269 2134 iuvat,
1283 2068 1334 2114 ²10

151 2158 197 2221 ita
219 2168 287 2222 tum
308 2169 340 2223 et
361 2158 476 2223 vitium
497 2159 620 2245 porrigi
642 2159 778 2225 lumbos.
801 2159 911 2225 Arbor
924 2181 1049 2243 quoque
1064 2160 1136 2244 ipsa
1149 2158 1271 2245 gaudet

151 2257 287 2323 adsiduo
307 2258 414 2322 levata
435 2281 532 2324 onere
555 2260 667 2325 similis
689 2261 870 2351 respiranti,
892 2260 1037 2344 nihilque
1056 2271 1105 2324 est
1126 2261 1160 2323 in
1174 2255 1280 2343 opere

151 2369 294 2436 naturae,
316 2358 404 2442 quod
424 2382 489 2425 non
511 2361 656 2446 exemplo
679 2361 802 2425 dierum
824 2361 1027 2445 noctiumque
1048 2360 1172 2445 aliquas
1190 2359 1272 2424 vicis

101 2540 105 2545 Ι
151 2458 304 2523 feriarum
329 2460 418 2524 velit.
452 2457 507 2526 Ob
534 2461 569 2524 id
596 2461 745 2546 protinus
766 2485 786 2525 a
807 2461 968 2525 vindemia
989 2461 1096 2547 putari
1119 2470 1150 2524 et
1170 2461 1272 2524 lassas
1307 2479 1310 2483 ·

153 2559 325 2623 etiamnum
346 2561 453 2626 fructu
475 2562 561 2625 edito
582 2561 781 2646 inprobatur.
808 2561 945 2625 Putatae
959 2582 1072 2625 rursus
1087 2560 1272 2644 adligeutur

152 2660 215 2724 alio
242 2661 330 2736 loco;
363 2683 502 2745 namque
535 2661 656 2742 orbitas
690 2661 809 2726 vinculi
842 2661 984 2725 sentiunt
1009 2659 1180 2724 vexatione
1209 2680 1272 2723 non

68 2796 71 2803 ·
152 2761 258 2827 dubia.
282 2760 448 2826 Traduces
472 2759 599 2826 Gallica
622 2763 751 2839 „cultura
777 2760 843 2824 bini
871 2760 1030 2844 utrimque
1051 2759 1215 2837 lateribus,
1245 2759 1333 2832 sitll

152 2884 228 2947 pars
250 2862 456 2948 quadrageno
478 2863 576 2927 distet
600 2862 717 2947 spatio,
745 2861 902 2945 quaterni,
927 2861 954 2926 si
975 2860 1104 2938 viceno;
1132 2861 1216 2924 inter
1238 2882 1273 2924 se

152 2961 238 3026 obvii
257 2963 431 3027 miscentur
452 2963 696 3049 adliganturque
718 2985 782 3027 una
797 2962 968 3039 conciliati,
990 2962 1202 3050 virgultorum
1218 2983 1272 3026 co·

153 3061 267 3126 mitatu
288 3063 392 3127 obiter
413 3064 546 3149 rigorati
567 3086 631 3148 qua
653 3064 812 3142 deficiant,
840 3074 906 3140 aut,
929 3065 955 3128 si
977 3062 1119 3128 brevitas
1133 3084 1197 3126 non
1214 3083 1272 3146 pa-

154 3161 251 3225 tiatur
276 3163 428 3248 ipsorum,
457 3165 629 3250 adalligato
657 3164 891 3249 protenduntur
918 3165 954 3228 in
976 3164 1105 3228 viduam
1126 3163 1273 3228 arborem

156 3407 186 3415 ..
204 3367 415 3429 circumvertit,a¹.
439 3411 469 3419 -
498 3370 556 3433 ipso,
569 3386 591 3418 a
616 3411 647 3418 -
674 3368 771 3430 ridicas,
784 3372 888 3421 Barbar.
901 3373 947 3420 ad.
974 3369 1077 3431 radices,
1096 3368 1273 3420 Hardecol·

154 3435 216 3483 bert.
225 3435 274 3484 111.
293 3437 330 3485 At
341 3451 364 3485 v.
377 3437 523 3487 schneider.
536 3440 569 3487 ad
582 3437 718 3504 Columell.
731 3438 764 3486 V.
778 3444 801 3498 6,
815 3443 856 3487 26.

188 3520 273 3581 §209.
300 3520 375 3580 vitent,
391 3514 491 3570 OTad.
516 3521 573 3572 Om.
585 3516 614 3581 β.
640 3561 670 3569 -
697 3519 922 3582 contineri,Tadr.
950 3516 1216 3583 qaaadoooatincri‚ss.
1242 3561 1272 3570 -

146 3583 374 3646 sarcitare,Dalec.
398 3630 429 3636 -
458 3587 567 3647 liberata,
580 3591 624 3637 ad.
652 3586 757 3648 liberam,
770 3605 789 3637 r.
817 3586 948 3648 liberatam,
960 3583 989 3648 β.
1017 3586 1150 3647 liberatam,
1170 3588 1222 3649 Τγ.
1243 3627 1273 3635 ..

119 3674 122 3679 ·
154 3650 282 3713 incondita,
294 3656 337 3703 ad.
355 3653 505 3715 acconditcm,
517 3650 539 3715 β
544 3669 569 3718 γ.

188 3746 273 3806 ξ210.
301 3752 333 3805 at,
346 3747 429 3794 omitt.
441 3749 486 3795 ad.
500 3788 530 3795 -
551 3745 618 3793 iuvat
629 3746 664 3794 ita
677 3754 731 3805 tam,
743 3750 767 3796 d.
786 3746 948 3807 uiuacitatum,
961 3764 984 3796 a.
997 3788 1028 3796 ..
1048 3745 1132 3803 levato,
1146 3748 1169 3794 d.
1189 3785 1219 3793 -
1238 3760 1274 3792 aa·
1343 3741 1345 3744 ⁴

156 3808 269 3926 tiqqnaqn,
282 3827 305 3860 a.
324 3853 353 3860 ..
374 3811 527 3875 improbatur.
541 3813 655 3873 Paratae,
672 3807 790 3863 OTadr.
809 3813 962 3877 improbatur,
973 3821 999 3862 ut
1007 3821 1115 3876 putatae,
1126 3808 1155 3872 β.
1176 3851 1206 3860 ..
1225 3810 1275 3859 via·

154 3892 221 3936 cars,
252 3913 258 3925 .

189 3970 273 4030 §m
304 3966 406 4032 Gallica,
420 3973 492 4021 codd.
506 3971 563 4022 Gel.
594 3971 752 4033 Gallicaad.
779 3974 834 4024 Nisi
849 3973 933 4033 fallor,
951 3974 1018 4023 Pliu.
1040 3968 1166 4021 Gallicae
1182 3967 1275 4018 cultura

155 4036 260 4098 scripsit.
276 4077 305 4084 -
321 4053 389 4098 pars,
406 4033 507 4088 Orac.
524 4055 575 4101 pes,
587 4042 661 4089 codd.
675 4041 732 4090 Gel.
743 4036 772 4101 β.
788 4082 818 4089 -
836 4040 948 4103 quaterni
957 4040 985 4099 εἰ,
999 4040 1014 4087 (1
1027 4035 1114 4098 (codd.
1127 4034 1198 4098 Gel.)
1216 4053 1275 4100 qaa-

156 4101 235 4162 terais,
248 4119 270 4151 a.
296 4144 325 4151 ..
350 4105 418 4159 obvii,
431 4107 512 4154 omitt.
525 4108 598 4155 codd.
612 4107 667 4157 Gel.
693 4149 723 4155 -
750 4106 910 4170 obitcrliyoti,
923 4109 955 4158 K.
981 4147 1011 4154 -
1038 4120 1109 4166 quam
1122 4103 1242 4166 deficiant,
1254 4121 1274 4154 r.

155 4168 228 4216 obiter
244 4176 267 4215 ct
283 4169 361 4233 ripore
378 4172 450 4219 crecti
464 4187 514 4234 qao
529 4174 570 4222 vel
583 4173 723 4236 priusquam
736 4173 794 4236 def,
811 4176 900 4224 Dalco.
925 4213 955 4222 ..
983 4169 1174 4235 malliyamad
1190 4170 1274 4234 (codd.

155 4233 226 4297 Gal.)
244 4235 351 4300 adipata,
367 4231 395 4286 θ,
416 4279 444 4286 -
462 4237 605 4301 protendant
616 4249 648 4300 at,
660 4242 736 4290 codd.
749 4240 806 4290 (iel.
