2896 4792
352 265 422 315 nm.
436 267 510 315 xvi.
539 266 617 315 oar.
631 268 841 317 suumn.
870 268 967 317 sacr.
983 270 1066 316 aaa.
1222 252 1261 319 21

148 416 392 505 pulchrioraque
411 417 446 482 in
467 418 717 506 campestribus,
739 418 869 486 meliora
889 421 1022 488 materie
1044 420 1262 509 crispioraque

147 520 183 585 in
202 519 374 598 montibus,
396 519 538 608 exceptis
559 519 650 586 malis
671 519 824 607 pirisque.

189 620 292 686 XIX.
321 623 374 687 32.
409 621 581 688 Praeterea
607 621 757 689 arborum
784 622 856 689 aliis
883 621 1037 690 decidunt
1062 623 1153 704 folia,
1182 623 1262 691 aliae
1277 643 1307 691 rs

147 727 342 810 sempiterna
362 746 452 790 coma
470 723 586 804 virent,
608 744 706 809 quam
720 724 931 791 differentiam
945 726 1115 792 antecedat
1129 749 1262 796 necesso

146 833 197 890 est
216 825 313 910 prior.
351 822 434 890 Sunt
461 826 546 891 enim
572 825 723 892 arborum
751 827 908 912 quaedam
935 829 1062 894 omnino
1090 829 1261 909 silvestres,

92 1010 96 1027 Ι
145 927 302 1012 quaedam
327 926 530 1007 urbaniores,
560 927 712 1012 quoniam
736 927 787 994 his
812 929 919 1014 placet
942 928 1125 996 nominibus
1145 931 1260 998 distin·

144 1052 254 1117 gnere
281 1029 353 1095 Hae
367 1029 471 1110 mites,
494 1052 577 1115 quae
591 1030 699 1096 fructu
712 1040 768 1095 aut
789 1031 896 1115 aliqua
916 1031 991 1098 dote
1012 1031 1261 1119 umbrarumque

145 1130 250 1213 officio
270 1132 440 1197 humanius
461 1132 583 1211 iuvant,
605 1155 670 1198 non
689 1131 825 1218 inprobe
846 1133 993 1199 dicantur
1013 1134 1165 1200 urbanae.

186 1232 272 1298 XX.
294 1234 344 1298 33.
367 1231 494 1298 Harum
507 1234 619 1322 generi
632 1257 696 1299 non
711 1234 863 1299 decidunt
883 1235 981 1314 oleae,
1003 1235 1104 1314 lauro,
1127 1236 1260 1322 palmae,
1275 1253 1306 1300 79

144 1346 264 1421 myrto,
294 1335 470 1421 cupressis,
497 1335 597 1422 pinis,
626 1335 778 1413 hederae,
800 1335 1024 1403 rhododendro
1046 1346 1092 1416 ct,
1115 1337 1260 1420 quamvis

144 1436 244 1504 herba
258 1437 394 1515 dicatur,
419 1435 558 1502 sabinae.
580 1436 848 1516 Rhododendron,
870 1447 906 1501 ut
926 1438 1054 1504 nomine
1075 1438 1218 1524 adparet,
1241 1461 1261 1504 a

144 1536 280 1605 Graecis
302 1537 391 1604 vonit
397 1561 406 1616 3
429 1539 482 1603 alii
496 1538 621 1604 nerium
638 1549 803 1618 vocarunt,
825 1539 878 1604 alii
892 1538 1153 1626 rhododaphnen,
1175 1561 1260 1605 sem*

143 1640 306 1728 piternum
326 1639 449 1719 fronde,
471 1662 564 1706 rosae
586 1640 803 1720 similitudine,
826 1639 970 1707 eauhbus
984 1641 1186 1717 liuticosum3
1208 1640 1260 1706 iu-

143 1743 259 1807 mentis
281 1743 451 1830 oaprisque
473 1752 506 1808 et
527 1741 641 1808 ovibus
661 1754 821 1809 vencnum
840 1751 898 1821 cst,
919 1742 1004 1808 idem
1017 1742 1138 1810 homini
1152 1755 1261 1808 eontra

145 1845 342 1931 serpentium
364 1866 487 1909 venena
508 1845 661 1911 remedio.

184 1944 285 2011 XXI.
311 1943 513 2012 Silvestrium
533 1945 662 2031 generis
683 1945 761 2011 folia
779 1968 844 2011 non
859 1945 1012 2012 decidunt
1027 1944 1134 2025 abieti,
1156 1945 1258 2027 larioi',
1272 1963 1305 2009 so

141 2048 302 2136 pinastro,
324 2046 488 2133 iunipero,
511 2047 623 2126 cedro,
646 2046 841 2126 terebintho,
863 2048 966 2127 buxo,
989 2046 1070 2128 ilici,
1094 2046 1257 2131 aquifolio,

142 2150 264 2229 suberi,
287 2161 372 2231 taxo,
394 2149 548 2215 tamarici.
584 2148 675 2214 Inter
695 2158 830 2235 aruaque
850 2172 970 2238 genera
992 2160 1067 2215 sunt
1087 2149 1258 2217 andrachle

139 2252 174 2317 in
188 2248 329 2317 Graecia
351 2260 382 2316 et
403 2251 520 2336 ubique
542 2251 663 2329 uned03
686 2250 810 2336 reliqua
831 2251 915 2317 enim
936 2251 1011 2318 folia
1033 2251 1187 2318 decidunt
1207 2250 1258 2317 his

139 2362 362 2441 praeterquam
383 2353 418 2417 in
440 2352 667 2418 cacuminibus.
688 2351 763 2418 Non
781 2352 933 2420 decidunt
954 2363 1061 2419 autem
1083 2362 1114 2418 et
1133 2353 1167 2418 in
1187 2350 1255 2418 fru-

141 2457 238 2522 ticum
264 2476 382 2542 genere
410 2454 619 2539 quibusdam,
646 2455 742 2533 rubo,
770 2457 902 2522 calamo.
937 2454 978 2519 In
1000 2455 1145 2520 Thurino
1166 2477 1254 2544 agro,
1269 2470 1298 2514 sr

142 2554 200 2621 nbi
221 2553 354 2642 Sybaris
380 2557 456 2635 fuit,
487 2579 528 2623 ex
553 2557 625 2643 ipsa
649 2556 729 2621 urbe
756 2556 1014 2643 prospiciebatur
1035 2578 1171 2640 quercus
1192 2579 1257 2622 una

143 2678 313 2742 numquam
338 2659 415 2725 folia
440 2656 603 2722 dimittens
628 2679 691 2722 neo
711 2669 785 2722 ante
806 2657 943 2722 mediam
963 2666 1115 2721 aestatem
1136 2656 1255 2743 germi-

142 2780 238 2838 nans;
266 2761 364 2847 idque
390 2761 506 2826 mirum
532 2770 581 2825 est
610 2757 746 2826 Graecis
772 2759 957 2825 auctoribus
985 2757 1148 2845 proditum
1170 2757 1256 2844 apud

139 2880 198 2925 nos
211 2871 326 2946 postea
340 2850 437 2927 sileri.
471 2860 557 2926 Nam
578 2861 720 2928 locorum
742 2870 831 2925 tanta
851 2859 901 2926 vis
922 2869 971 2926 est
992 2869 1029 2924 ut
1049 2857 1256 2927 circaMem-

137 2960 228 3048 phim
256 2962 402 3051 Aegypti
431 2975 463 3029 et
490 2963 523 3028 in
549 2962 763 3051 Elephantine
791 2962 967 3030 Thebaidis
998 2961 1078 3028 nulli
1105 2959 1256 3029 arborum

139 3063 297 3142 decidant,
319 3088 360 3130 ne
382 3061 500 3132 vitibus
522 3065 661 3150 quidem.

138 3307 173 3356 V.
184 3307 305 3357 Wunder.
322 3324 373 3358 var.
386 3310 455 3359 lectt.
472 3324 505 3358 ex
518 3309 648 3360 Ciceronis
666 3311 721 3358 cod.
738 3309 834 3360 Erfurt.
851 3325 876 3374 p.
888 3303 1005 3360 XOVIL'
1020 3350 1050 3358 ..
1069 3307 1134 3368 Hac,
1154 3302 1254 3358 orac.

137 3370 200 3432 Eae,
212 3390 232 3424 r.
250 3373 326 3439 Erpa,
337 3371 366 3436 β.
386 3417 417 3426 ..
435 3377 623 3441 umbrarumque,
636 3378 708 3427 Tad.
730 3379 898 3439 umbrarumoe,
910 3372 961 3442 βγ.
981 3418 1011 3426 -
1031 3375 1151 3438 lmuauos,
1163 3377 1253 3426 Dalso.

139 3481 169 3491 ..
188 3441 310 3493 vivant..
321 3443 437 3506 dicuntur,
447 3461 468 3494 r.

172 3533 187 3595 ἐ
201 3539 241 3586 79.
262 3537 345 3600 paneri
350 3535 418 3597 folia
429 3553 482 3598 non,
497 3538 587 3588 Dalec.
604 3538 637 3587 V.
650 3539 782 3601 Theophr.
794 3538 812 3587 1.
824 3539 842 3587 l.
856 3538 876 3587 I.
891 3544 914 3597 9,
927 3545 951 3588 ³.
969 3578 1002 3587 ..
1016 3536 1122 3601 palmae,
1135 3552 1185 3586 orn.
1198 3537 1254 3585 ood.

137 3604 257 3668 antiquus
268 3605 376 3655 Salmas.
389 3621 470 3655 exerc.
482 3621 507 3670 p.
521 3610 578 3657 669.
590 3622 613 3655 a.
625 3608 655 3656 F.
674 3646 706 3654 -
723 3604 846 3669 cupressea,
862 3599 891 3653 θ.
915 3622 1030 3670 mpreaso,
1043 3600 1135 3670 adssr.
1155 3646 1186 3654 -
1205 3600 1255 3665 spi·

137 3670 218 3732 aaa
237 3713 267 3721 ..
287 3672 464 3735 et-sobinae,
485 3667 571 3725 daur.
597 3672 776 3734 Et-sobinc,
791 3668 821 3735 β.
839 3675 1200 3732 v.Mereunat.var.leot.s‚
1215 3676 1254 3719 15.

139 3779 171 3787 -
188 3739 286 3801 mara,
298 3742 343 3789 ad.
361 3740 449 3801 noma,
461 3736 512 3806 βγ.
531 3783 562 3791 ..
580 3740 730 3804 temptam,
741 3743 774 3792 K.
793 3783 824 3793 ,.
843 3740 963 3802 culicibus,
975 3743 1036 3792 Pius
1047 3748 1145 3791 annott.
1157 3739 1175 3788 l.
1188 3744 1229 3788 ³4.

172 3835 240 3896 580.
263 3825 399 3896 andrachle,
412 3834 521 3885 Salmas.
538 3850 619 3885 exero.
631 3851 657 3898 p.
670 3840 728 3885 362.
742 3851 764 3884 a.
776 3837 806 3886 F.
831 3833 963 3897 androcile,
975 3838 1012 3885 ad
1028 3832 1143 3896 (Thoan.
1156 3831 1254 3882 Salma-

137 3896 189 3962 sii).
207 3898 328 3963 androclo,
340 3903 421 3952 altera
432 3903 548 3954 Salmasii
560 3904 711 3952 coniectura.
728 3901 857 3964 adrectae,
868 3904 973 3953 Barbar.
985 3900 1036 3968 βγ.
1054 3903 1087 3952 V.
1100 3903 1132 3950 sd
1147 3905 1185 3959 13,
1196 3905 1253 3949 120.

138 3966 258 4019 Ceterum
270 3985 294 4018 v.
306 3971 437 4034 Theophr.
449 3972 467 4020 l.
479 3972 497 4020 l.
509 3971 531 4020 I.
544 3977 568 4030 9,
580 3977 604 4021 ³.
624 4012 655 4020 ..
673 3968 852 4034 qmbusdam.
870 3969 972 4032 widem,
984 3965 1075 4032 adssr.
1089 3969 1123 4018 V.
1135 3968 1255 4019 Schneid.

137 4036 336 4166 {qq-chophr.
353 4054 373 4089 s.
389 4054 413 4089 v.
429 4034 527 4101 βάτος,
546 4040 622 4089 Tom.
638 4039 672 4090 V.
689 4052 714 4104 p.
727 4045 785 4090 ³³2.
805 4082 835 4091 -
860 4037 960 4099 calamo,
974 4040 998 4088 d.
1024 4034 1157 4098 celanda.
1180 4042 1255 4086 etau-

187 4121 209 4165 ο,
253 4118 278 4170 7.
682 4116 685 4121 ·
933 4140 935 4144 ,

172 4191 187 4254 ᾖ
200 4179 250 4239 81.’
259 4188 319 4242 salli
328 4191 448 4252 arborum,
459 4193 512 4255 Τὰ.
531 4191 611 4242 nullos
621 4192 728 4255 arborea,
741 4210 763 4242 a.
782 4191 844 4241 nulli
852 4190 939 4253 arbori,
949 4186 1001 4255 βγ.
