<?xml version="1.0" encoding="UTF-8"?>
<!DOCTYPE html PUBLIC "-//W3C//DTD XHTML 1.0 Transitional//EN"
    "http://www.w3.org/TR/xhtml1/DTD/xhtml1-transitional.dtd">
<html xmlns="http://www.w3.org/1999/xhtml" xml:lang="en" lang="en">
 <head>
  <title>
</title>
<meta http-equiv="Content-Type" content="text/html;charset=utf-8" />
  <meta name='ocr-system' content='tesseract 3.04.00' />
  <meta name='ocr-capabilities' content='ocr_page ocr_carea ocr_par ocr_line ocrx_word'/>
</head>
<body>
  <div class='ocr_page' id='page_1' title='image "./cplinisecundina11plingoog_0079.png"; bbox 0 0 2896 4792; ppageno 0'>
   <div class='ocr_carea' id='block_1_1' title="bbox 204 240 971 305">
    <p class='ocr_par' dir='ltr' id='par_1_1' title="bbox 204 240 971 305">
     <span class='ocr_line' id='line_1_1' title="bbox 204 240 971 305; baseline 0.004 -4"><span class='ocrx_word' id='word_1_1' title='bbox 204 240 242 302; x_wconf 75' lang='lat'><strong>72</strong></span> <span class='ocrx_word' id='word_1_2' title='bbox 551 255 755 305; x_wconf 66' lang='lat' dir='ltr'><strong>neumam</strong></span> <span class='ocrx_word' id='word_1_3' title='bbox 777 257 971 305; x_wconf 73' lang='lat' dir='ltr'><strong>ursromau</strong></span> 
     </span>
    </p>
   </div>
   <div class='ocr_carea' id='block_1_2' title="bbox 123 396 1402 3232">
    <p class='ocr_par' dir='ltr' id='par_1_2' title="bbox 123 396 1402 3232">
     <span class='ocr_line' id='line_1_2' title="bbox 201 396 1368 496; baseline 0.005 -25"><span class='ocrx_word' id='word_1_4' title='bbox 201 407 243 493; x_wconf 79' lang='lat' dir='ltr'><strong>ad</strong></span> <span class='ocrx_word' id='word_1_5' title='bbox 273 406 351 470; x_wconf 90' lang='lat' dir='ltr'><strong>caeli</strong></span> <span class='ocrx_word' id='word_1_6' title='bbox 373 405 532 489; x_wconf 83' lang='lat' dir='ltr'><strong>cuiusque</strong></span> <span class='ocrx_word' id='word_1_7' title='bbox 561 429 666 473; x_wconf 91' lang='lat' dir='ltr'><strong>mores</strong></span> <span class='ocrx_word' id='word_1_8' title='bbox 695 407 863 496; x_wconf 85' lang='lat' dir='ltr'><strong>dirigenda</strong></span> <span class='ocrx_word' id='word_1_9' title='bbox 891 396 1032 474; x_wconf 89' lang='lat' dir='ltr'><strong>sollertia</strong></span> <span class='ocrx_word' id='word_1_10' title='bbox 1053 422 1112 475; x_wconf 88' lang='lat' dir='ltr'><strong>est.</strong></span> <span class='ocrx_word' id='word_1_11' title='bbox 1149 410 1188 474; x_wconf 95' lang='lat' dir='ltr'><strong>In</strong></span> <span class='ocrx_word' id='word_1_12' title='bbox 1210 410 1324 477; x_wconf 84' lang='lat' dir='ltr'><strong>Africa</strong></span> <span class='ocrx_word' id='word_1_13' title='bbox 1336 433 1368 477; x_wconf 83' lang='lat' dir='ltr'><strong>ao</strong></span> 
     </span>
     <span class='ocr_line' id='line_1_3' title="bbox 201 507 1323 594; baseline 0.005 -21"><span class='ocrx_word' id='word_1_14' title='bbox 201 507 367 574; x_wconf 83' lang='lat' dir='ltr'><strong>meridiem</strong></span> <span class='ocrx_word' id='word_1_15' title='bbox 394 507 505 572; x_wconf 89' lang='lat' dir='ltr'><strong>vineas</strong></span> <span class='ocrx_word' id='word_1_16' title='bbox 534 520 678 594; x_wconf 89' lang='lat' dir='ltr'><strong>spectare</strong></span> <span class='ocrx_word' id='word_1_17' title='bbox 705 521 843 587; x_wconf 90' lang='lat' dir='ltr'><strong>et....,</strong></span> <span class='ocrx_word' id='word_1_18' title='bbox 871 509 928 574; x_wconf 91' lang='lat' dir='ltr'><strong>viti</strong></span> <span class='ocrx_word' id='word_1_19' title='bbox 948 510 1072 591; x_wconf 91' lang='lat' dir='ltr'><strong>inutile,</strong></span> <span class='ocrx_word' id='word_1_20' title='bbox 1101 513 1211 579; x_wconf 90' lang='lat' dir='ltr'><strong>colono</strong></span> <span class='ocrx_word' id='word_1_21' title='bbox 1233 513 1323 585; x_wconf 85' lang='lat' dir='ltr'><strong>insa-</strong></span> 
     </span>
     <span class='ocr_line' id='line_1_4' title="bbox 199 609 1322 700; baseline 0.005 -26"><span class='ocrx_word' id='word_1_22' title='bbox 199 609 291 675; x_wconf 88' lang='lat' dir='ltr'><strong>lubre</strong></span> <span class='ocrx_word' id='word_1_23' title='bbox 314 620 373 688; x_wconf 92' lang='lat' dir='ltr'><strong>est,</strong></span> <span class='ocrx_word' id='word_1_24' title='bbox 395 609 547 693; x_wconf 91' lang='lat' dir='ltr'><strong>quoniam</strong></span> <span class='ocrx_word' id='word_1_25' title='bbox 561 609 633 696; x_wconf 88' lang='lat' dir='ltr'><strong>ipsa</strong></span> <span class='ocrx_word' id='word_1_26' title='bbox 646 611 841 675; x_wconf 76' lang='lat' dir='ltr'><strong>meridianae</strong></span> <span class='ocrx_word' id='word_1_27' title='bbox 863 611 1008 678; x_wconf 87' lang='lat' dir='ltr'><strong>subiacet</strong></span> <span class='ocrx_word' id='word_1_28' title='bbox 1028 613 1155 700; x_wconf 85' lang='lat' dir='ltr'><strong>plagae,</strong></span> <span class='ocrx_word' id='word_1_29' title='bbox 1179 635 1322 700; x_wconf 90' lang='lat' dir='ltr'><strong>quapro-</strong></span> 
     </span>
     <span class='ocr_line' id='line_1_5' title="bbox 138 709 1323 800; baseline 0.007 -26"><span class='ocrx_word' id='word_1_30' title='bbox 138 790 141 795; x_wconf 89' lang='lat'><strong>.</strong></span> <span class='ocrx_word' id='word_1_31' title='bbox 200 721 274 799; x_wconf 89' lang='lat' dir='ltr'><strong>pter</strong></span> <span class='ocrx_word' id='word_1_32' title='bbox 299 710 344 775; x_wconf 93' lang='lat' dir='ltr'><strong>ibi</strong></span> <span class='ocrx_word' id='word_1_33' title='bbox 366 711 421 795; x_wconf 93' lang='lat' dir='ltr'><strong>qui</strong></span> <span class='ocrx_word' id='word_1_34' title='bbox 444 709 477 773; x_wconf 92' lang='lat' dir='ltr'><strong>in</strong></span> <span class='ocrx_word' id='word_1_35' title='bbox 498 732 647 776; x_wconf 89' lang='lat' dir='ltr'><strong>occasum</strong></span> <span class='ocrx_word' id='word_1_36' title='bbox 675 722 731 775; x_wconf 89' lang='lat' dir='ltr'><strong>aut</strong></span> <span class='ocrx_word' id='word_1_37' title='bbox 758 712 991 798; x_wconf 82' lang='lat' dir='ltr'><strong>septentriones</strong></span> <span class='ocrx_word' id='word_1_38' title='bbox 1018 725 1166 780; x_wconf 90' lang='lat' dir='ltr'><strong>conseret</strong></span> <span class='ocrx_word' id='word_1_39' title='bbox 1190 725 1323 800; x_wconf 86' lang='lat' dir='ltr'><strong>optume</strong></span> 
     </span>
     <span class='ocr_line' id='line_1_6' title="bbox 201 810 1324 902; baseline 0.005 -25"><span class='ocrx_word' id='word_1_40' title='bbox 201 810 349 877; x_wconf 81' lang='lat' dir='ltr'><strong>miscebit</strong></span> <span class='ocrx_word' id='word_1_41' title='bbox 370 812 473 876; x_wconf 91' lang='lat' dir='ltr'><strong>solum</strong></span> <span class='ocrx_word' id='word_1_42' title='bbox 494 812 591 877; x_wconf 84' lang='lat' dir='ltr'><strong>caelo.</strong></span> <span class='ocrx_word' id='word_1_43' title='bbox 626 810 712 878; x_wconf 89' lang='lat' dir='ltr'><strong>Cum</strong></span> <span class='ocrx_word' id='word_1_44' title='bbox 735 811 902 900; x_wconf 84' lang='lat' dir='ltr'><strong>Vergilius</strong></span> <span class='ocrx_word' id='word_1_45' title='bbox 927 837 1060 880; x_wconf 90' lang='lat' dir='ltr'><strong>occasus</strong></span> <span class='ocrx_word' id='word_1_46' title='bbox 1082 816 1240 902; x_wconf 86' lang='lat' dir='ltr'><strong>inprobet,</strong></span> <span class='ocrx_word' id='word_1_47' title='bbox 1263 840 1324 883; x_wconf 88' lang='lat' dir='ltr'><strong>nec</strong></span> 
     </span>
     <span class='ocr_line' id='line_1_7' title="bbox 201 912 1323 1004; baseline 0.004 -24"><span class='ocrx_word' id='word_1_48' title='bbox 201 915 242 980; x_wconf 87' lang='lat' dir='ltr'><strong>de</strong></span> <span class='ocrx_word' id='word_1_49' title='bbox 264 912 479 999; x_wconf 88' lang='lat' dir='ltr'><strong>septentrione</strong></span> <span class='ocrx_word' id='word_1_50' title='bbox 500 913 624 998; x_wconf 86' lang='lat' dir='ltr'><strong>reliqua</strong></span> <span class='ocrx_word' id='word_1_51' title='bbox 646 913 805 979; x_wconf 80' lang='lat' dir='ltr'><strong>dubitatio</strong></span> <span class='ocrx_word' id='word_1_52' title='bbox 826 914 963 981; x_wconf 85' lang='lat' dir='ltr'><strong>videtur.</strong></span> <span class='ocrx_word' id='word_1_53' title='bbox 987 917 1091 999; x_wconf 87' lang='lat' dir='ltr'><strong>Atqui</strong></span> <span class='ocrx_word' id='word_1_54' title='bbox 1112 917 1146 981; x_wconf 94' lang='lat' dir='ltr'><strong>in</strong></span> <span class='ocrx_word' id='word_1_55' title='bbox 1167 917 1323 1004; x_wconf 86' lang='lat' dir='ltr'><strong>cisalpina</strong></span> 
     </span>
     <span class='ocr_line' id='line_1_8' title="bbox 200 1015 1323 1103; baseline 0.004 -24"><span class='ocrx_word' id='word_1_56' title='bbox 200 1015 295 1080; x_wconf 90' lang='lat' dir='ltr'><strong>Italia</strong></span> <span class='ocrx_word' id='word_1_57' title='bbox 316 1036 434 1100; x_wconf 87' lang='lat' dir='ltr'><strong>magna</strong></span> <span class='ocrx_word' id='word_1_58' title='bbox 455 1037 496 1078; x_wconf 86' lang='lat' dir='ltr'><strong>ex</strong></span> <span class='ocrx_word' id='word_1_59' title='bbox 516 1025 609 1098; x_wconf 90' lang='lat' dir='ltr'><strong>parte</strong></span> <span class='ocrx_word' id='word_1_60' title='bbox 632 1015 734 1080; x_wconf 88' lang='lat' dir='ltr'><strong>vineis</strong></span> <span class='ocrx_word' id='word_1_61' title='bbox 755 1015 800 1080; x_wconf 86' lang='lat' dir='ltr'><strong>ita</strong></span> <span class='ocrx_word' id='word_1_62' title='bbox 821 1016 936 1101; x_wconf 89' lang='lat' dir='ltr'><strong>positis</strong></span> <span class='ocrx_word' id='word_1_63' title='bbox 952 1029 1141 1103; x_wconf 89' lang='lat' dir='ltr'><strong>conpertum</strong></span> <span class='ocrx_word' id='word_1_64' title='bbox 1156 1031 1205 1083; x_wconf 89' lang='lat' dir='ltr'><strong>est</strong></span> <span class='ocrx_word' id='word_1_65' title='bbox 1218 1020 1323 1084; x_wconf 84' lang='lat' dir='ltr'><strong>nullas</strong></span> 
     </span>
     <span class='ocr_line' id='line_1_9' title="bbox 123 1115 1364 1203; baseline 0.002 -21"><span class='ocrx_word' id='word_1_66' title='bbox 123 1137 128 1149; x_wconf 85' lang='grc'><em>“</em></span> <span class='ocrx_word' id='word_1_67' title='bbox 200 1140 273 1183; x_wconf 89' lang='lat' dir='ltr'><strong>esse</strong></span> <span class='ocrx_word' id='word_1_68' title='bbox 296 1115 479 1182; x_wconf 77' lang='lat' dir='ltr'><strong>fertiliores.</strong></span> <span class='ocrx_word' id='word_1_69' title='bbox 501 1115 644 1180; x_wconf 92' lang='lat' dir='ltr'><strong>Multum</strong></span> <span class='ocrx_word' id='word_1_70' title='bbox 665 1117 796 1181; x_wconf 90' lang='lat' dir='ltr'><strong>rationis</strong></span> <span class='ocrx_word' id='word_1_71' title='bbox 817 1117 962 1203; x_wconf 87' lang='lat' dir='ltr'><strong>optinent</strong></span> <span class='ocrx_word' id='word_1_72' title='bbox 989 1131 1021 1183; x_wconf 93' lang='lat' dir='ltr'><strong>et</strong></span> <span class='ocrx_word' id='word_1_73' title='bbox 1042 1121 1148 1198; x_wconf 84' lang='lat' dir='ltr'><strong>venti3</strong></span> <span class='ocrx_word' id='word_1_74' title='bbox 1181 1120 1215 1184; x_wconf 95' lang='lat' dir='ltr'><strong>in</strong></span> <span class='ocrx_word' id='word_1_75' title='bbox 1237 1120 1322 1185; x_wconf 87' lang='lat' dir='ltr'><strong>Nar·</strong></span> <span class='ocrx_word' id='word_1_76' title='bbox 1335 1139 1364 1184; x_wconf 81' lang='lat' dir='ltr'><strong>ar</strong></span> 
     </span>
     <span class='ocr_line' id='line_1_10' title="bbox 200 1217 1323 1307; baseline 0.001 -22"><span class='ocrx_word' id='word_1_77' title='bbox 200 1218 335 1286; x_wconf 90' lang='lat' dir='ltr'><strong>bonensi</strong></span> <span class='ocrx_word' id='word_1_78' title='bbox 367 1217 533 1301; x_wconf 89' lang='lat' dir='ltr'><strong>provincia</strong></span> <span class='ocrx_word' id='word_1_79' title='bbox 564 1228 660 1304; x_wconf 90' lang='lat' dir='ltr'><strong>atque</strong></span> <span class='ocrx_word' id='word_1_80' title='bbox 688 1217 826 1307; x_wconf 86' lang='lat' dir='ltr'><strong>Liguria</strong></span> <span class='ocrx_word' id='word_1_81' title='bbox 857 1229 888 1283; x_wconf 91' lang='lat' dir='ltr'><strong>et</strong></span> <span class='ocrx_word' id='word_1_82' title='bbox 916 1231 1008 1305; x_wconf 86' lang='lat' dir='ltr'><strong>parte</strong></span> <span class='ocrx_word' id='word_1_83' title='bbox 1033 1219 1184 1286; x_wconf 89' lang='lat' dir='ltr'><strong>Etruriae</strong></span> <span class='ocrx_word' id='word_1_84' title='bbox 1210 1232 1323 1286; x_wconf 88' lang='lat' dir='ltr'><strong>contra</strong></span> 
     </span>
     <span class='ocr_line' id='line_1_11' title="bbox 200 1319 1323 1406; baseline 0.001 -20"><span class='ocrx_word' id='word_1_85' title='bbox 200 1319 331 1386; x_wconf 81' lang='lat' dir='ltr'><strong>circium</strong></span> <span class='ocrx_word' id='word_1_86' title='bbox 366 1341 472 1384; x_wconf 89' lang='lat' dir='ltr'><strong>serere</strong></span> <span class='ocrx_word' id='word_1_87' title='bbox 503 1319 655 1403; x_wconf 78' lang='lat' dir='ltr'><strong>inperitia</strong></span> <span class='ocrx_word' id='word_1_88' title='bbox 686 1320 912 1398; x_wconf 85' lang='lat' dir='ltr'><strong>existumatur,</strong></span> <span class='ocrx_word' id='word_1_89' title='bbox 946 1322 1148 1406; x_wconf 90' lang='lat' dir='ltr'><strong>eundemque</strong></span> <span class='ocrx_word' id='word_1_90' title='bbox 1184 1322 1323 1388; x_wconf 83' lang='lat' dir='ltr'><strong>oblicum</strong></span> 
     </span>
     <span class='ocr_line' id='line_1_12' title="bbox 200 1421 1323 1508; baseline 0.002 -21"><span class='ocrx_word' id='word_1_91' title='bbox 200 1423 345 1506; x_wconf 87' lang='lat' dir='ltr'><strong>accipere</strong></span> <span class='ocrx_word' id='word_1_92' title='bbox 366 1421 570 1506; x_wconf 88' lang='lat' dir='ltr'><strong>providentia</strong></span> <span class='ocrx_word' id='word_1_93' title='bbox 577 1446 586 1500; x_wconf 83' lang='lat'>3</span> <span class='ocrx_word' id='word_1_94' title='bbox 615 1421 643 1486; x_wconf 88' lang='lat' dir='ltr'><strong>is</strong></span> <span class='ocrx_word' id='word_1_95' title='bbox 672 1444 809 1505; x_wconf 91' lang='lat' dir='ltr'><strong>namque</strong></span> <span class='ocrx_word' id='word_1_96' title='bbox 838 1433 977 1500; x_wconf 79' lang='lat' dir='ltr'><strong>aestates</strong></span> <span class='ocrx_word' id='word_1_97' title='bbox 998 1423 1043 1488; x_wconf 93' lang='lat' dir='ltr'><strong>ibi</strong></span> <span class='ocrx_word' id='word_1_98' title='bbox 1066 1434 1233 1508; x_wconf 86' lang='lat' dir='ltr'><strong>temperat,</strong></span> <span class='ocrx_word' id='word_1_99' title='bbox 1264 1424 1323 1489; x_wconf 90' lang='lat' dir='ltr'><strong>sed</strong></span> 
     </span>
     <span class='ocr_line' id='line_1_13' title="bbox 201 1522 1368 1608; baseline 0.001 -21"><span class='ocrx_word' id='word_1_100' title='bbox 201 1533 289 1587; x_wconf 85' lang='lat' dir='ltr'><strong>tanta</strong></span> <span class='ocrx_word' id='word_1_101' title='bbox 309 1522 498 1608; x_wconf 89' lang='lat' dir='ltr'><strong>plemmque</strong></span> <span class='ocrx_word' id='word_1_102' title='bbox 520 1522 671 1588; x_wconf 89' lang='lat' dir='ltr'><strong>violentia</strong></span> <span class='ocrx_word' id='word_1_103' title='bbox 685 1534 722 1587; x_wconf 93' lang='lat' dir='ltr'><strong>ut</strong></span> <span class='ocrx_word' id='word_1_104' title='bbox 736 1523 861 1587; x_wconf 85' lang='lat' dir='ltr'><strong>auferat</strong></span> <span class='ocrx_word' id='word_1_105' title='bbox 875 1535 968 1590; x_wconf 84' lang='lat' dir='ltr'><strong>tecta.</strong></span> <span class='ocrx_word' id='word_1_106' title='bbox 1000 1523 1065 1588; x_wconf 92' lang='lat' dir='ltr'><strong>III.</strong></span> <span class='ocrx_word' id='word_1_107' title='bbox 1090 1522 1232 1605; x_wconf 82' lang='lat' dir='ltr'><strong>Quidam</strong></span> <span class='ocrx_word' id='word_1_108' title='bbox 1248 1547 1321 1590; x_wconf 87' lang='lat' dir='ltr'><strong>cae-</strong></span> <span class='ocrx_word' id='word_1_109' title='bbox 1335 1543 1368 1588; x_wconf 78' lang='lat' dir='ltr'><strong>aa</strong></span> 
     </span>
     <span class='ocr_line' id='line_1_14' title="bbox 199 1623 1322 1713; baseline -0.001 -22"><span class='ocrx_word' id='word_1_110' title='bbox 199 1627 266 1691; x_wconf 89' lang='lat' dir='ltr'><strong>lum</strong></span> <span class='ocrx_word' id='word_1_111' title='bbox 288 1635 393 1689; x_wconf 85' lang='lat' dir='ltr'><strong>terrae</strong></span> <span class='ocrx_word' id='word_1_112' title='bbox 414 1646 527 1709; x_wconf 89' lang='lat' dir='ltr'><strong>parere</strong></span> <span class='ocrx_word' id='word_1_113' title='bbox 550 1634 669 1713; x_wconf 88' lang='lat' dir='ltr'><strong>cogunt</strong></span> <span class='ocrx_word' id='word_1_114' title='bbox 691 1633 727 1688; x_wconf 90' lang='lat' dir='ltr'><strong>ut</strong></span> <span class='ocrx_word' id='word_1_115' title='bbox 747 1646 830 1707; x_wconf 90' lang='lat' dir='ltr'><strong>quae</strong></span> <span class='ocrx_word' id='word_1_116' title='bbox 858 1625 891 1688; x_wconf 93' lang='lat' dir='ltr'><strong>in</strong></span> <span class='ocrx_word' id='word_1_117' title='bbox 919 1623 1014 1689; x_wconf 87' lang='lat' dir='ltr'><strong>siccis</strong></span> <span class='ocrx_word' id='word_1_118' title='bbox 1042 1638 1190 1690; x_wconf 87' lang='lat' dir='ltr'><strong>serantur</strong></span> <span class='ocrx_word' id='word_1_119' title='bbox 1215 1626 1322 1690; x_wconf 90' lang='lat' dir='ltr'><strong>orien-</strong></span> 
     </span>
     <span class='ocr_line' id='line_1_15' title="bbox 200 1724 1322 1810; baseline -0.001 -19"><span class='ocrx_word' id='word_1_120' title='bbox 200 1741 266 1791; x_wconf 85' lang='lat' dir='ltr'><strong>tem</strong></span> <span class='ocrx_word' id='word_1_121' title='bbox 294 1747 332 1789; x_wconf 87' lang='lat' dir='ltr'><strong>ac</strong></span> <span class='ocrx_word' id='word_1_122' title='bbox 358 1724 593 1808; x_wconf 89' lang='lat' dir='ltr'><strong>septentriones</strong></span> <span class='ocrx_word' id='word_1_123' title='bbox 621 1735 785 1810; x_wconf 88' lang='lat' dir='ltr'><strong>spectent,</strong></span> <span class='ocrx_word' id='word_1_124' title='bbox 819 1747 901 1808; x_wconf 90' lang='lat' dir='ltr'><strong>quae</strong></span> <span class='ocrx_word' id='word_1_125' title='bbox 929 1726 962 1790; x_wconf 91' lang='lat' dir='ltr'><strong>in</strong></span> <span class='ocrx_word' id='word_1_126' title='bbox 990 1727 1107 1792; x_wconf 91' lang='lat' dir='ltr'><strong>umidis</strong></span> <span class='ocrx_word' id='word_1_127' title='bbox 1134 1726 1322 1806; x_wconf 79' lang='lat' dir='ltr'><strong>meridiem3</strong></span> 
     </span>
     <span class='ocr_line' id='line_1_16' title="bbox 199 1825 1402 1915; baseline 0.001 -22"><span class='ocrx_word' id='word_1_128' title='bbox 199 1848 344 1893; x_wconf 91' lang='lat' dir='ltr'><strong>necnon</strong></span> <span class='ocrx_word' id='word_1_129' title='bbox 366 1849 406 1892; x_wconf 88' lang='lat' dir='ltr'><strong>ex</strong></span> <span class='ocrx_word' id='word_1_130' title='bbox 428 1825 507 1911; x_wconf 87' lang='lat' dir='ltr'><strong>ipsis</strong></span> <span class='ocrx_word' id='word_1_131' title='bbox 528 1825 650 1891; x_wconf 88' lang='lat' dir='ltr'><strong>vitibus</strong></span> <span class='ocrx_word' id='word_1_132' title='bbox 672 1848 785 1891; x_wconf 88' lang='lat' dir='ltr'><strong>causas</strong></span> <span class='ocrx_word' id='word_1_133' title='bbox 807 1837 993 1892; x_wconf 86' lang='lat' dir='ltr'><strong>mutuantur</strong></span> <span class='ocrx_word' id='word_1_134' title='bbox 1018 1828 1053 1892; x_wconf 94' lang='lat' dir='ltr'><strong>in</strong></span> <span class='ocrx_word' id='word_1_135' title='bbox 1075 1828 1203 1915; x_wconf 83' lang='lat' dir='ltr'><strong>frigidis</strong></span> <span class='ocrx_word' id='word_1_136' title='bbox 1224 1852 1321 1915; x_wconf 90' lang='lat' dir='ltr'><strong>prae·</strong></span> <span class='ocrx_word' id='word_1_137' title='bbox 1393 1855 1402 1861; x_wconf 94' lang='lat'>·</span> 
     </span>
     <span class='ocr_line' id='line_1_17' title="bbox 200 1926 1324 2017; baseline 0.001 -23"><span class='ocrx_word' id='word_1_138' title='bbox 200 1927 285 1994; x_wconf 90' lang='lat' dir='ltr'><strong>cocis</strong></span> <span class='ocrx_word' id='word_1_139' title='bbox 316 1926 461 2005; x_wconf 87' lang='lat' dir='ltr'><strong>serendo,</strong></span> <span class='ocrx_word' id='word_1_140' title='bbox 490 1937 526 1990; x_wconf 90' lang='lat' dir='ltr'><strong>ut</strong></span> <span class='ocrx_word' id='word_1_141' title='bbox 553 1928 721 1992; x_wconf 84' lang='lat' dir='ltr'><strong>maturitas</strong></span> <span class='ocrx_word' id='word_1_142' title='bbox 743 1928 912 1993; x_wconf 86' lang='lat' dir='ltr'><strong>antecedat</strong></span> <span class='ocrx_word' id='word_1_143' title='bbox 933 1931 1089 2015; x_wconf 87' lang='lat' dir='ltr'><strong>algorem,</strong></span> <span class='ocrx_word' id='word_1_144' title='bbox 1123 1952 1205 2015; x_wconf 87' lang='lat' dir='ltr'><strong>qnae</strong></span> <span class='ocrx_word' id='word_1_145' title='bbox 1226 1953 1324 2017; x_wconf 90' lang='lat' dir='ltr'><strong>poma</strong></span> 
     </span>
     <span class='ocr_line' id='line_1_18' title="bbox 200 2028 1322 2112; baseline 0.001 -18"><span class='ocrx_word' id='word_1_146' title='bbox 200 2030 346 2112; x_wconf 90' lang='lat' dir='ltr'><strong>vitesque</strong></span> <span class='ocrx_word' id='word_1_147' title='bbox 372 2050 476 2092; x_wconf 88' lang='lat' dir='ltr'><strong>rorem</strong></span> <span class='ocrx_word' id='word_1_148' title='bbox 504 2028 639 2108; x_wconf 90' lang='lat' dir='ltr'><strong>oderint,</strong></span> <span class='ocrx_word' id='word_1_149' title='bbox 668 2040 781 2095; x_wconf 88' lang='lat' dir='ltr'><strong>contra</strong></span> <span class='ocrx_word' id='word_1_150' title='bbox 801 2041 900 2108; x_wconf 88' lang='lat' dir='ltr'><strong>ortus,</strong></span> <span class='ocrx_word' id='word_1_151' title='bbox 929 2042 965 2095; x_wconf 94' lang='lat' dir='ltr'><strong>ut</strong></span> <span class='ocrx_word' id='word_1_152' title='bbox 987 2032 1095 2095; x_wconf 86' lang='lat' dir='ltr'><strong>statim</strong></span> <span class='ocrx_word' id='word_1_153' title='bbox 1117 2031 1242 2097; x_wconf 88' lang='lat' dir='ltr'><strong>auferat</strong></span> <span class='ocrx_word' id='word_1_154' title='bbox 1264 2032 1322 2109; x_wconf 91' lang='lat' dir='ltr'><strong>sol,</strong></span> 
     </span>
     <span class='ocr_line' id='line_1_19' title="bbox 199 2129 1321 2218; baseline 0.002 -22"><span class='ocrx_word' id='word_1_155' title='bbox 199 2153 283 2218; x_wconf 87' lang='lat' dir='ltr'><strong>quae</strong></span> <span class='ocrx_word' id='word_1_156' title='bbox 304 2139 422 2207; x_wconf 89' lang='lat' dir='ltr'><strong>ament,</strong></span> <span class='ocrx_word' id='word_1_157' title='bbox 445 2129 487 2194; x_wconf 86' lang='lat' dir='ltr'><strong>ad</strong></span> <span class='ocrx_word' id='word_1_158' title='bbox 509 2152 642 2196; x_wconf 89' lang='lat' dir='ltr'><strong>occasus</strong></span> <span class='ocrx_word' id='word_1_159' title='bbox 664 2131 717 2197; x_wconf 88' lang='lat' dir='ltr'><strong>vel</strong></span> <span class='ocrx_word' id='word_1_160' title='bbox 737 2131 833 2196; x_wconf 88' lang='lat' dir='ltr'><strong>etiam</strong></span> <span class='ocrx_word' id='word_1_161' title='bbox 854 2131 896 2194; x_wconf 92' lang='lat' dir='ltr'><strong>ad</strong></span> <span class='ocrx_word' id='word_1_162' title='bbox 918 2132 1162 2217; x_wconf 75' lang='lat' dir='ltr'><strong>septentriones,</strong></span> <span class='ocrx_word' id='word_1_163' title='bbox 1190 2142 1227 2197; x_wconf 92' lang='lat' dir='ltr'><strong>ut</strong></span> <span class='ocrx_word' id='word_1_164' title='bbox 1247 2133 1321 2198; x_wconf 90' lang='lat' dir='ltr'><strong>diu·</strong></span> 
     </span>
     <span class='ocr_line' id='line_1_20' title="bbox 201 2231 1370 2318; baseline -0.003 -19"><span class='ocrx_word' id='word_1_165' title='bbox 201 2235 265 2299; x_wconf 92' lang='lat' dir='ltr'><strong>tius</strong></span> <span class='ocrx_word' id='word_1_166' title='bbox 288 2254 325 2298; x_wconf 92' lang='lat' dir='ltr'><strong>eo</strong></span> <span class='ocrx_word' id='word_1_167' title='bbox 346 2234 504 2297; x_wconf 86' lang='lat' dir='ltr'><strong>fruantur.</strong></span> <span class='ocrx_word' id='word_1_168' title='bbox 529 2231 637 2298; x_wconf 86' lang='lat' dir='ltr'><strong>Ceteri</strong></span> <span class='ocrx_word' id='word_1_169' title='bbox 659 2233 727 2298; x_wconf 85' lang='lat' dir='ltr'><strong>fere</strong></span> <span class='ocrx_word' id='word_1_170' title='bbox 742 2233 899 2298; x_wconf 88' lang='lat' dir='ltr'><strong>rationem</strong></span> <span class='ocrx_word' id='word_1_171' title='bbox 913 2244 1047 2299; x_wconf 87' lang='lat' dir='ltr'><strong>naturae</strong></span> <span class='ocrx_word' id='word_1_172' title='bbox 1063 2235 1165 2300; x_wconf 90' lang='lat' dir='ltr'><strong>secuti</strong></span> <span class='ocrx_word' id='word_1_173' title='bbox 1179 2235 1214 2298; x_wconf 93' lang='lat' dir='ltr'><strong>in</strong></span> <span class='ocrx_word' id='word_1_174' title='bbox 1228 2235 1321 2318; x_wconf 90' lang='lat' dir='ltr'><strong>aqui·</strong></span> <span class='ocrx_word' id='word_1_175' title='bbox 1335 2251 1370 2296; x_wconf 80' lang='lat' dir='ltr'><strong>aa</strong></span> 
     </span>
     <span class='ocr_line' id='line_1_21' title="bbox 199 2332 1323 2420; baseline -0.002 -19"><span class='ocrx_word' id='word_1_176' title='bbox 199 2338 306 2402; x_wconf 90' lang='lat' dir='ltr'><strong>lonem</strong></span> <span class='ocrx_word' id='word_1_177' title='bbox 331 2332 485 2399; x_wconf 86' lang='lat' dir='ltr'><strong>obversas</strong></span> <span class='ocrx_word' id='word_1_178' title='bbox 513 2333 587 2398; x_wconf 87' lang='lat' dir='ltr'><strong>vitis</strong></span> <span class='ocrx_word' id='word_1_179' title='bbox 615 2346 647 2399; x_wconf 92' lang='lat' dir='ltr'><strong>et</strong></span> <span class='ocrx_word' id='word_1_180' title='bbox 673 2333 804 2399; x_wconf 85' lang='lat' dir='ltr'><strong>arbores</strong></span> <span class='ocrx_word' id='word_1_181' title='bbox 833 2334 909 2420; x_wconf 94' lang='lat' dir='ltr'><strong>poni</strong></span> <span class='ocrx_word' id='word_1_182' title='bbox 931 2357 1076 2414; x_wconf 82' lang='lat' dir='ltr'><strong>suasere3</strong></span> <span class='ocrx_word' id='word_1_183' title='bbox 1111 2336 1323 2402; x_wconf 89' lang='lat' dir='ltr'><strong>odoratiorem</strong></span> 
     </span>
     <span class='ocr_line' id='line_1_22' title="bbox 201 2434 1323 2522; baseline 0.001 -21"><span class='ocrx_word' id='word_1_184' title='bbox 201 2436 299 2502; x_wconf 89' lang='lat' dir='ltr'><strong>etiam</strong></span> <span class='ocrx_word' id='word_1_185' title='bbox 324 2434 395 2499; x_wconf 91' lang='lat' dir='ltr'><strong>fieri</strong></span> <span class='ocrx_word' id='word_1_186' title='bbox 424 2436 519 2500; x_wconf 87' lang='lat' dir='ltr'><strong>talem</strong></span> <span class='ocrx_word' id='word_1_187' title='bbox 540 2436 681 2501; x_wconf 84' lang='lat' dir='ltr'><strong>fructum</strong></span> <span class='ocrx_word' id='word_1_188' title='bbox 702 2435 908 2502; x_wconf 90' lang='lat' dir='ltr'><strong>Democritus</strong></span> <span class='ocrx_word' id='word_1_189' title='bbox 934 2449 1037 2522; x_wconf 89' lang='lat' dir='ltr'><strong>putat.</strong></span> <span class='ocrx_word' id='word_1_190' title='bbox 1070 2437 1130 2504; x_wconf 90' lang='lat' dir='ltr'><strong>IV.</strong></span> <span class='ocrx_word' id='word_1_191' title='bbox 1152 2437 1323 2522; x_wconf 89' lang='lat' dir='ltr'><strong>Aquilonis</strong></span> 
     </span>
     <span class='ocr_line' id='line_1_23' title="bbox 201 2537 1323 2622; baseline 0.003 -20"><span class='ocrx_word' id='word_1_192' title='bbox 201 2538 298 2602; x_wconf 91' lang='lat' dir='ltr'><strong>situm</strong></span> <span class='ocrx_word' id='word_1_193' title='bbox 330 2548 562 2620; x_wconf 85' lang='lat' dir='ltr'><strong>ventorumque</strong></span> <span class='ocrx_word' id='word_1_194' title='bbox 594 2537 791 2622; x_wconf 88' lang='lat' dir='ltr'><strong>reliquorum</strong></span> <span class='ocrx_word' id='word_1_195' title='bbox 822 2538 961 2604; x_wconf 88' lang='lat' dir='ltr'><strong>diximus</strong></span> <span class='ocrx_word' id='word_1_196' title='bbox 993 2540 1134 2605; x_wconf 90' lang='lat' dir='ltr'><strong>secundo</strong></span> <span class='ocrx_word' id='word_1_197' title='bbox 1162 2539 1323 2605; x_wconf 91' lang='lat' dir='ltr'><strong>volumine</strong></span> 
     </span>
     <span class='ocr_line' id='line_1_24' title="bbox 200 2639 1322 2725; baseline -0.001 -20"><span class='ocrx_word' id='word_1_198' title='bbox 200 2640 407 2723; x_wconf 90' lang='lat' dir='ltr'><strong>dicemusque</strong></span> <span class='ocrx_word' id='word_1_199' title='bbox 429 2661 587 2725; x_wconf 88' lang='lat' dir='ltr'><strong>proxumo</strong></span> <span class='ocrx_word' id='word_1_200' title='bbox 607 2641 701 2725; x_wconf 89' lang='lat' dir='ltr'><strong>plura</strong></span> <span class='ocrx_word' id='word_1_201' title='bbox 722 2639 882 2706; x_wconf 89' lang='lat' dir='ltr'><strong>caelestia.</strong></span> <span class='ocrx_word' id='word_1_202' title='bbox 905 2640 1037 2706; x_wconf 87' lang='lat' dir='ltr'><strong>Interim</strong></span> <span class='ocrx_word' id='word_1_203' title='bbox 1053 2641 1257 2706; x_wconf 76' lang='lat' dir='ltr'><strong>manifestum</strong></span> <span class='ocrx_word' id='word_1_204' title='bbox 1272 2641 1322 2704; x_wconf 88' lang='lat' dir='ltr'><strong>vi-</strong></span> 
     </span>
     <span class='ocr_line' id='line_1_25' title="bbox 200 2740 1323 2829; baseline -0.001 -24"><span class='ocrx_word' id='word_1_205' title='bbox 200 2741 294 2805; x_wconf 90' lang='lat' dir='ltr'><strong>detur</strong></span> <span class='ocrx_word' id='word_1_206' title='bbox 323 2740 520 2806; x_wconf 88' lang='lat' dir='ltr'><strong>salubritatis</strong></span> <span class='ocrx_word' id='word_1_207' title='bbox 542 2753 778 2829; x_wconf 85' lang='lat' dir='ltr'><strong>argumentum,</strong></span> <span class='ocrx_word' id='word_1_208' title='bbox 807 2741 957 2827; x_wconf 87' lang='lat' dir='ltr'><strong>quoniam</strong></span> <span class='ocrx_word' id='word_1_209' title='bbox 983 2742 1016 2805; x_wconf 93' lang='lat' dir='ltr'><strong>in</strong></span> <span class='ocrx_word' id='word_1_210' title='bbox 1038 2741 1205 2807; x_wconf 90' lang='lat' dir='ltr'><strong>meridiem</strong></span> <span class='ocrx_word' id='word_1_211' title='bbox 1228 2741 1323 2806; x_wconf 92' lang='lat' dir='ltr'><strong>etiam</strong></span> 
     </span>
     <span class='ocr_line' id='line_1_26' title="bbox 201 2839 1371 2929; baseline -0.004 -21"><span class='ocrx_word' id='word_1_212' title='bbox 201 2843 415 2929; x_wconf 85' lang='lat' dir='ltr'><strong>spectantium</strong></span> <span class='ocrx_word' id='word_1_213' title='bbox 438 2864 564 2927; x_wconf 89' lang='lat' dir='ltr'><strong>semper</strong></span> <span class='ocrx_word' id='word_1_214' title='bbox 586 2854 661 2907; x_wconf 87' lang='lat' dir='ltr'><strong>ante</strong></span> <span class='ocrx_word' id='word_1_215' title='bbox 683 2843 835 2909; x_wconf 89' lang='lat' dir='ltr'><strong>decidant</strong></span> <span class='ocrx_word' id='word_1_216' title='bbox 855 2842 939 2907; x_wconf 85' lang='lat' dir='ltr'><strong>folia</strong></span> <span class='ocrx_word' id='word_1_217' title='bbox 972 2839 1094 2906; x_wconf 87' lang='lat' dir='ltr'><strong>Similis</strong></span> <span class='ocrx_word' id='word_1_218' title='bbox 1116 2851 1147 2905; x_wconf 92' lang='lat' dir='ltr'><strong>et</strong></span> <span class='ocrx_word' id='word_1_219' title='bbox 1169 2842 1202 2904; x_wconf 91' lang='lat' dir='ltr'><strong>in</strong></span> <span class='ocrx_word' id='word_1_220' title='bbox 1223 2841 1322 2905; x_wconf 89' lang='lat' dir='ltr'><strong>mari·</strong></span> <span class='ocrx_word' id='word_1_221' title='bbox 1335 2859 1371 2904; x_wconf 79' lang='lat'><strong>24</strong></span> 
     </span>
     <span class='ocr_line' id='line_1_27' title="bbox 200 2941 1321 3027; baseline -0.004 -19"><span class='ocrx_word' id='word_1_222' title='bbox 200 2945 287 3009; x_wconf 91' lang='lat' dir='ltr'><strong>timis</strong></span> <span class='ocrx_word' id='word_1_223' title='bbox 310 2966 422 3019; x_wconf 83' lang='lat' dir='ltr'><strong>causa3</strong></span> <span class='ocrx_word' id='word_1_224' title='bbox 446 2943 638 3027; x_wconf 88' lang='lat' dir='ltr'><strong>quibusdam</strong></span> <span class='ocrx_word' id='word_1_225' title='bbox 659 2945 738 3010; x_wconf 89' lang='lat' dir='ltr'><strong>locis</strong></span> <span class='ocrx_word' id='word_1_226' title='bbox 761 2943 898 3008; x_wconf 87' lang='lat' dir='ltr'><strong>adflatus</strong></span> <span class='ocrx_word' id='word_1_227' title='bbox 921 2943 1017 3007; x_wconf 89' lang='lat' dir='ltr'><strong>maris</strong></span> <span class='ocrx_word' id='word_1_228' title='bbox 1039 2942 1136 3018; x_wconf 86' lang='lat' dir='ltr'><strong>noxii,</strong></span> <span class='ocrx_word' id='word_1_229' title='bbox 1158 2941 1192 3005; x_wconf 93' lang='lat' dir='ltr'><strong>in</strong></span> <span class='ocrx_word' id='word_1_230' title='bbox 1206 2943 1321 3026; x_wconf 89' lang='lat' dir='ltr'><strong>pluru-</strong></span> 
     </span>
     <span class='ocr_line' id='line_1_28' title="bbox 200 3042 1321 3131; baseline -0.002 -23"><span class='ocrx_word' id='word_1_231' title='bbox 200 3045 261 3108; x_wconf 90' lang='lat' dir='ltr'><strong>mis</strong></span> <span class='ocrx_word' id='word_1_232' title='bbox 282 3042 380 3108; x_wconf 91' lang='lat' dir='ltr'><strong>iidem</strong></span> <span class='ocrx_word' id='word_1_233' title='bbox 402 3045 505 3120; x_wconf 88' lang='lat' dir='ltr'><strong>alunt;</strong></span> <span class='ocrx_word' id='word_1_234' title='bbox 529 3045 721 3131; x_wconf 91' lang='lat' dir='ltr'><strong>quibusdam</strong></span> <span class='ocrx_word' id='word_1_235' title='bbox 744 3045 820 3109; x_wconf 90' lang='lat' dir='ltr'><strong>satis</strong></span> <span class='ocrx_word' id='word_1_236' title='bbox 843 3067 861 3109; x_wconf 95' lang='lat' dir='ltr'><strong>e</strong></span> <span class='ocrx_word' id='word_1_237' title='bbox 881 3044 1057 3131; x_wconf 88' lang='lat' dir='ltr'><strong>longinquo</strong></span> <span class='ocrx_word' id='word_1_238' title='bbox 1072 3043 1237 3128; x_wconf 90' lang='lat' dir='ltr'><strong>adspicere</strong></span> <span class='ocrx_word' id='word_1_239' title='bbox 1251 3065 1321 3106; x_wconf 82' lang='lat' dir='ltr'><strong>rna·</strong></span> 
     </span>
     <span class='ocr_line' id='line_1_29' title="bbox 201 3141 1320 3232; baseline -0.002 -23"><span class='ocrx_word' id='word_1_240' title='bbox 201 3146 250 3210; x_wconf 90' lang='lat' dir='ltr'><strong>ria</strong></span> <span class='ocrx_word' id='word_1_241' title='bbox 270 3145 457 3224; x_wconf 89' lang='lat' dir='ltr'><strong>iucundum,</strong></span> <span class='ocrx_word' id='word_1_242' title='bbox 487 3148 621 3232; x_wconf 89' lang='lat' dir='ltr'><strong>propius</strong></span> <span class='ocrx_word' id='word_1_243' title='bbox 643 3145 806 3212; x_wconf 88' lang='lat' dir='ltr'><strong>admoveri</strong></span> <span class='ocrx_word' id='word_1_244' title='bbox 829 3146 903 3211; x_wconf 88' lang='lat' dir='ltr'><strong>salis</strong></span> <span class='ocrx_word' id='word_1_245' title='bbox 917 3145 1051 3210; x_wconf 87' lang='lat' dir='ltr'><strong>halitum</strong></span> <span class='ocrx_word' id='word_1_246' title='bbox 1073 3145 1195 3210; x_wconf 90' lang='lat' dir='ltr'><strong>inutile.</strong></span> <span class='ocrx_word' id='word_1_247' title='bbox 1220 3141 1320 3208; x_wconf 92' lang='lat' dir='ltr'><strong>Simi-</strong></span> 
     </span>
    </p>
   </div>
   <div class='ocr_carea' id='block_1_3' title="bbox 200 3347 1323 4161">
    <p class='ocr_par' dir='ltr' id='par_1_3' title="bbox 200 3347 1322 3486">
     <span class='ocr_line' id='line_1_30' title="bbox 234 3347 1322 3418; baseline -0.002 -16"><span class='ocrx_word' id='word_1_248' title='bbox 234 3353 386 3417; x_wconf 61' lang='lat' dir='ltr'><strong>aiaqaa.</strong></span> <span class='ocrx_word' id='word_1_249' title='bbox 405 3354 494 3406; x_wconf 88' lang='lat' dir='ltr'><strong>Omitt.</strong></span> <span class='ocrx_word' id='word_1_250' title='bbox 507 3357 560 3407; x_wconf 72' lang='grc' dir='ltr'><strong>Τὰ.</strong></span> <span class='ocrx_word' id='word_1_251' title='bbox 580 3395 611 3405; x_wconf 88' lang='grc'><strong>..</strong></span> <span class='ocrx_word' id='word_1_252' title='bbox 630 3369 712 3416; x_wconf 78' lang='lat' dir='ltr'><strong>mores,</strong></span> <span class='ocrx_word' id='word_1_253' title='bbox 728 3347 841 3405; x_wconf 74' lang='lat' dir='ltr'><strong>OTadr.</strong></span> <span class='ocrx_word' id='word_1_254' title='bbox 866 3350 1013 3417; x_wconf 67' lang='lat' dir='ltr'><strong>mittereass.</strong></span> <span class='ocrx_word' id='word_1_255' title='bbox 1033 3395 1064 3405; x_wconf 87' lang='lat'><strong>..</strong></span> <span class='ocrx_word' id='word_1_256' title='bbox 1088 3351 1222 3418; x_wconf 62' lang='lat' dir='ltr'><strong>dinpenda,</strong></span> <span class='ocrx_word' id='word_1_257' title='bbox 1235 3367 1258 3402; x_wconf 84' lang='lat' dir='ltr'><strong>a.</strong></span> <span class='ocrx_word' id='word_1_258' title='bbox 1285 3349 1322 3399; x_wconf 81' lang='lat' dir='ltr'><strong>di·</strong></span> 
     </span>
     <span class='ocr_line' id='line_1_31' title="bbox 200 3419 661 3486; baseline 0.007 -17"><span class='ocrx_word' id='word_1_259' title='bbox 200 3419 301 3485; x_wconf 67' lang='lat' dir='ltr'><strong>ripato</strong></span> <span class='ocrx_word' id='word_1_260' title='bbox 313 3429 348 3470; x_wconf 82' lang='lat' dir='ltr'><strong>ast</strong></span> <span class='ocrx_word' id='word_1_261' title='bbox 357 3421 468 3486; x_wconf 79' lang='lat' dir='ltr'><strong>caiusque</strong></span> <span class='ocrx_word' id='word_1_262' title='bbox 479 3422 593 3484; x_wconf 78' lang='lat' dir='ltr'><strong>sollertia,</strong></span> <span class='ocrx_word' id='word_1_263' title='bbox 606 3423 661 3472; x_wconf 82' lang='lat' dir='ltr'><strong>Td.</strong></span> 
     </span>
    </p>

    <p class='ocr_par' dir='ltr' id='par_1_4' title="bbox 201 3482 1323 3825">
     <span class='ocr_line' id='line_1_32' title="bbox 234 3482 1323 3556; baseline -0.003 -18"><span class='ocrx_word' id='word_1_264' title='bbox 234 3491 303 3553; x_wconf 66' lang='lat'><strong>520.</strong></span> <span class='ocrx_word' id='word_1_265' title='bbox 321 3497 351 3551; x_wconf 85' lang='lat' dir='ltr'><strong>et,</strong></span> <span class='ocrx_word' id='word_1_266' title='bbox 367 3482 468 3540; x_wconf 74' lang='lat' dir='ltr'><strong>OTad.</strong></span> <span class='ocrx_word' id='word_1_267' title='bbox 487 3491 536 3550; x_wconf 79' lang='lat' dir='ltr'><strong>etri,</strong></span> <span class='ocrx_word' id='word_1_268' title='bbox 548 3487 577 3552; x_wconf 80' lang='grc' dir='ltr'><strong>β.</strong></span> <span class='ocrx_word' id='word_1_269' title='bbox 595 3491 750 3541; x_wconf 88' lang='lat' dir='ltr'><strong>Deleverunt</strong></span> <span class='ocrx_word' id='word_1_270' title='bbox 761 3492 839 3542; x_wconf 85' lang='lat' dir='ltr'><strong>Hard.</strong></span> <span class='ocrx_word' id='word_1_271' title='bbox 851 3505 876 3556; x_wconf 77' lang='grc' dir='ltr'><strong>γ.</strong></span> <span class='ocrx_word' id='word_1_272' title='bbox 894 3493 952 3554; x_wconf 84' lang='lat' dir='ltr'><strong>Ego</strong></span> <span class='ocrx_word' id='word_1_273' title='bbox 961 3492 1081 3554; x_wconf 85' lang='lat' dir='ltr'><strong>copulam</strong></span> <span class='ocrx_word' id='word_1_274' title='bbox 1090 3506 1104 3539; x_wconf 92' lang='lat' dir='ltr'><strong>e</strong></span> <span class='ocrx_word' id='word_1_275' title='bbox 1113 3491 1187 3539; x_wconf 90' lang='lat' dir='ltr'><strong>codd.</strong></span> <span class='ocrx_word' id='word_1_276' title='bbox 1199 3489 1323 3546; x_wconf 84' lang='lat' dir='ltr'><strong>revocavi,</strong></span> 
     </span>
     <span class='ocr_line' id='line_1_33' title="bbox 201 3551 1322 3620; baseline -0.003 -15"><span class='ocrx_word' id='word_1_277' title='bbox 201 3565 260 3620; x_wconf 86' lang='lat' dir='ltr'><strong>post</strong></span> <span class='ocrx_word' id='word_1_278' title='bbox 271 3573 328 3606; x_wconf 85' lang='lat' dir='ltr'><strong>eam</strong></span> <span class='ocrx_word' id='word_1_279' title='bbox 340 3560 464 3620; x_wconf 85' lang='lat' dir='ltr'><strong>quaedam</strong></span> <span class='ocrx_word' id='word_1_280' title='bbox 476 3560 599 3610; x_wconf 84' lang='lat' dir='ltr'><strong>excidisse</strong></span> <span class='ocrx_word' id='word_1_281' title='bbox 612 3574 723 3609; x_wconf 85' lang='lat' dir='ltr'><strong>censens.</strong></span> <span class='ocrx_word' id='word_1_282' title='bbox 743 3600 774 3608; x_wconf 83' lang='lat'><em>-</em></span> <span class='ocrx_word' id='word_1_283' title='bbox 798 3557 926 3620; x_wconf 81' lang='lat' dir='ltr'><strong>insalubre,</strong></span> <span class='ocrx_word' id='word_1_284' title='bbox 942 3551 1041 3608; x_wconf 76' lang='lat' dir='ltr'><strong>OTau.</strong></span> <span class='ocrx_word' id='word_1_285' title='bbox 1065 3555 1166 3616; x_wconf 73' lang='lat' dir='ltr'><strong>salutm,</strong></span> <span class='ocrx_word' id='word_1_286' title='bbox 1177 3551 1207 3615; x_wconf 78' lang='grc' dir='ltr'><strong>β.</strong></span> <span class='ocrx_word' id='word_1_287' title='bbox 1227 3595 1257 3604; x_wconf 89' lang='lat'><strong>..</strong></span> <span class='ocrx_word' id='word_1_288' title='bbox 1280 3563 1322 3616; x_wconf 80' lang='lat' dir='ltr'><strong>eet,</strong></span> 
     </span>
     <span class='ocr_line' id='line_1_34' title="bbox 201 3616 1323 3690; baseline -0.002 -17"><span class='ocrx_word' id='word_1_289' title='bbox 201 3640 251 3674; x_wconf 91' lang='lat' dir='ltr'><strong>om.</strong></span> <span class='ocrx_word' id='word_1_290' title='bbox 267 3616 295 3674; x_wconf 79' lang='grc' dir='ltr'><strong>θ.</strong></span> <span class='ocrx_word' id='word_1_291' title='bbox 315 3665 346 3674; x_wconf 83' lang='grc'><strong>..</strong></span> <span class='ocrx_word' id='word_1_292' title='bbox 365 3624 400 3672; x_wconf 79' lang='lat' dir='ltr'><strong>ibi</strong></span> <span class='ocrx_word' id='word_1_293' title='bbox 410 3625 458 3688; x_wconf 83' lang='lat' dir='ltr'><strong>qui,</strong></span> <span class='ocrx_word' id='word_1_294' title='bbox 471 3629 514 3677; x_wconf 87' lang='lat' dir='ltr'><strong>ad.</strong></span> <span class='ocrx_word' id='word_1_295' title='bbox 532 3625 575 3689; x_wconf 83' lang='lat' dir='ltr'><strong>qai</strong></span> <span class='ocrx_word' id='word_1_296' title='bbox 584 3625 624 3686; x_wconf 82' lang='lat' dir='ltr'><strong>iti,</strong></span> <span class='ocrx_word' id='word_1_297' title='bbox 635 3622 686 3690; x_wconf 68' lang='grc' dir='ltr'><strong>βγ.</strong></span> <span class='ocrx_word' id='word_1_298' title='bbox 705 3666 737 3677; x_wconf 91' lang='grc'><strong>..</strong></span> <span class='ocrx_word' id='word_1_299' title='bbox 756 3626 828 3676; x_wconf 83' lang='lat' dir='ltr'><strong>eaelo.</strong></span> <span class='ocrx_word' id='word_1_300' title='bbox 844 3624 907 3686; x_wconf 85' lang='lat' dir='ltr'><strong>Oum,</strong></span> <span class='ocrx_word' id='word_1_301' title='bbox 920 3628 965 3678; x_wconf 85' lang='lat' dir='ltr'><strong>ad.</strong></span> <span class='ocrx_word' id='word_1_302' title='bbox 982 3624 1054 3681; x_wconf 84' lang='lat' dir='ltr'><strong>caelo,</strong></span> <span class='ocrx_word' id='word_1_303' title='bbox 1067 3638 1126 3684; x_wconf 82' lang='lat' dir='ltr'><strong>cum,</strong></span> <span class='ocrx_word' id='word_1_304' title='bbox 1138 3618 1166 3683; x_wconf 82' lang='grc' dir='ltr'><strong>β.</strong></span> <span class='ocrx_word' id='word_1_305' title='bbox 1186 3662 1216 3671; x_wconf 92' lang='grc'><strong>..</strong></span> <span class='ocrx_word' id='word_1_306' title='bbox 1236 3621 1323 3684; x_wconf 83' lang='lat' dir='ltr'><strong>impro-</strong></span> 
     </span>
     <span class='ocr_line' id='line_1_35' title="bbox 202 3687 1322 3758; baseline 0.008 -20"><span class='ocrx_word' id='word_1_307' title='bbox 202 3692 245 3752; x_wconf 88' lang='lat' dir='ltr'><strong>bet,</strong></span> <span class='ocrx_word' id='word_1_308' title='bbox 258 3707 306 3750; x_wconf 87' lang='lat' dir='ltr'><strong>nec,</strong></span> <span class='ocrx_word' id='word_1_309' title='bbox 319 3694 364 3741; x_wconf 89' lang='lat' dir='ltr'><strong>ad.</strong></span> <span class='ocrx_word' id='word_1_310' title='bbox 383 3691 575 3756; x_wconf 77' lang='lat' dir='ltr'><strong>improbethc,</strong></span> <span class='ocrx_word' id='word_1_311' title='bbox 588 3689 617 3753; x_wconf 73' lang='grc' dir='ltr'><strong>β.</strong></span> <span class='ocrx_word' id='word_1_312' title='bbox 636 3735 667 3742; x_wconf 84' lang='grc'>-</span> <span class='ocrx_word' id='word_1_313' title='bbox 687 3692 838 3758; x_wconf 68' lang='lat' dir='ltr'><strong>reliquant.</strong></span> <span class='ocrx_word' id='word_1_314' title='bbox 857 3692 967 3756; x_wconf 79' lang='lat' dir='ltr'><strong>relinqui,</strong></span> <span class='ocrx_word' id='word_1_315' title='bbox 978 3687 1028 3756; x_wconf 79' lang='grc' dir='ltr'><strong>βγ.</strong></span> <span class='ocrx_word' id='word_1_316' title='bbox 1048 3733 1079 3741; x_wconf 92' lang='grc'>-</span> <span class='ocrx_word' id='word_1_317' title='bbox 1103 3688 1187 3747; x_wconf 58' lang='lat' dir='ltr'><strong>nullm,</strong></span> <span class='ocrx_word' id='word_1_318' title='bbox 1200 3691 1223 3738; x_wconf 76' lang='lat' dir='ltr'><strong>d·</strong></span> <span class='ocrx_word' id='word_1_319' title='bbox 1248 3687 1322 3750; x_wconf 64' lang='lat' dir='ltr'><strong>nulla,</strong></span> 
     </span>
     <span class='ocr_line' id='line_1_36' title="bbox 201 3759 632 3825; baseline 0.007 -18"><span class='ocrx_word' id='word_1_320' title='bbox 201 3776 223 3808; x_wconf 85' lang='lat' dir='ltr'><strong>a.</strong></span> <span class='ocrx_word' id='word_1_321' title='bbox 242 3759 273 3808; x_wconf 91' lang='lat' dir='ltr'><strong>In</strong></span> <span class='ocrx_word' id='word_1_322' title='bbox 284 3773 302 3822; x_wconf 74' lang='grc' dir='ltr'><em>γ</em></span> <span class='ocrx_word' id='word_1_323' title='bbox 313 3761 374 3809; x_wconf 89' lang='lat' dir='ltr'><strong>vitio</strong></span> <span class='ocrx_word' id='word_1_324' title='bbox 383 3776 517 3825; x_wconf 85' lang='lat' dir='ltr'><strong>operarum</strong></span> <span class='ocrx_word' id='word_1_325' title='bbox 530 3762 632 3812; x_wconf 84' lang='lat' dir='ltr'><strong>excidit.</strong></span> 
     </span>
    </p>

    <p class='ocr_par' dir='ltr' id='par_1_5' title="bbox 202 3824 1322 3956">
     <span class='ocr_line' id='line_1_37' title="bbox 235 3824 1322 3891; baseline -0.002 -15"><span class='ocrx_word' id='word_1_326' title='bbox 235 3825 302 3886; x_wconf 69' lang='grc'><strong>521.</strong></span> <span class='ocrx_word' id='word_1_327' title='bbox 329 3829 534 3888; x_wconf 83' lang='lat' dir='ltr'><strong>etventi‚Tadr.</strong></span> <span class='ocrx_word' id='word_1_328' title='bbox 562 3824 673 3889; x_wconf 57' lang='lat' dir='ltr'><strong>ventiss.</strong></span> <span class='ocrx_word' id='word_1_329' title='bbox 693 3869 724 3877; x_wconf 88' lang='lat'><strong>..</strong></span> <span class='ocrx_word' id='word_1_330' title='bbox 743 3829 961 3891; x_wconf 67' lang='lat' dir='ltr'><strong>reparandae.</strong></span> <span class='ocrx_word' id='word_1_331' title='bbox 981 3867 1011 3877; x_wconf 82' lang='lat'><strong>..</strong></span> <span class='ocrx_word' id='word_1_332' title='bbox 1031 3824 1186 3882; x_wconf 74' lang='lat' dir='ltr'><strong>oesmtesibi,</strong></span> <span class='ocrx_word' id='word_1_333' title='bbox 1200 3827 1225 3874; x_wconf 89' lang='lat' dir='ltr'><strong>d.</strong></span> <span class='ocrx_word' id='word_1_334' title='bbox 1244 3833 1322 3874; x_wconf 77' lang='lat' dir='ltr'><strong>aesta·</strong></span> 
     </span>
     <span class='ocr_line' id='line_1_38' title="bbox 202 3894 1256 3956; baseline 0.003 -16"><span class='ocrx_word' id='word_1_335' title='bbox 202 3901 245 3941; x_wconf 86' lang='lat' dir='ltr'><strong>tem</strong></span> <span class='ocrx_word' id='word_1_336' title='bbox 257 3894 310 3955; x_wconf 76' lang='lat' dir='ltr'><strong>sebi,</strong></span> <span class='ocrx_word' id='word_1_337' title='bbox 323 3913 345 3945; x_wconf 84' lang='lat' dir='ltr'><strong>a.</strong></span> <span class='ocrx_word' id='word_1_338' title='bbox 363 3904 475 3944; x_wconf 78' lang='lat' dir='ltr'><strong>aestatem</strong></span> <span class='ocrx_word' id='word_1_339' title='bbox 488 3896 527 3956; x_wconf 79' lang='lat' dir='ltr'><strong>tbi,</strong></span> <span class='ocrx_word' id='word_1_340' title='bbox 539 3913 559 3945; x_wconf 86' lang='lat' dir='ltr'><strong>r.</strong></span> <span class='ocrx_word' id='word_1_341' title='bbox 1254 3920 1256 3927; x_wconf 31' lang='grc' dir='ltr'>ι</span> 
     </span>
    </p>

    <p class='ocr_par' dir='ltr' id='par_1_6' title="bbox 202 3960 1322 4094">
     <span class='ocr_line' id='line_1_39' title="bbox 236 3960 1322 4026; baseline -0.002 -15"><span class='ocrx_word' id='word_1_342' title='bbox 236 3965 303 4025; x_wconf 72' lang='grc' dir='ltr'><strong>ξ22.</strong></span> <span class='ocrx_word' id='word_1_343' title='bbox 330 3962 476 4025; x_wconf 81' lang='lat' dir='ltr'><strong>occidentem,</strong></span> <span class='ocrx_word' id='word_1_344' title='bbox 488 3965 555 4016; x_wconf 86' lang='lat' dir='ltr'><strong>Pint.</strong></span> <span class='ocrx_word' id='word_1_345' title='bbox 575 4005 604 4013; x_wconf 88' lang='lat'>-</span> <span class='ocrx_word' id='word_1_346' title='bbox 623 3979 786 4026; x_wconf 83' lang='lat' dir='ltr'><strong>praecoquem,</strong></span> <span class='ocrx_word' id='word_1_347' title='bbox 799 3964 822 4010; x_wconf 89' lang='lat' dir='ltr'><strong>d.</strong></span> <span class='ocrx_word' id='word_1_348' title='bbox 843 4003 873 4010; x_wconf 82' lang='lat'><strong>..</strong></span> <span class='ocrx_word' id='word_1_349' title='bbox 892 3960 998 4021; x_wconf 84' lang='lat' dir='ltr'><strong>accedat,</strong></span> <span class='ocrx_word' id='word_1_350' title='bbox 1011 3963 1047 4008; x_wconf 63' lang='lat' dir='ltr'><strong>al.</strong></span> <span class='ocrx_word' id='word_1_351' title='bbox 1067 4001 1096 4009; x_wconf 80' lang='grc'><strong>-</strong></span> <span class='ocrx_word' id='word_1_352' title='bbox 1121 3963 1261 4022; x_wconf 85' lang='lat' dir='ltr'><strong>rorem,ad.</strong></span> <span class='ocrx_word' id='word_1_353' title='bbox 1285 3978 1322 4009; x_wconf 88' lang='lat' dir='ltr'><strong>ro·</strong></span> 
     </span>
     <span class='ocr_line' id='line_1_40' title="bbox 202 4025 1155 4094; baseline 0 -18"><span class='ocrx_word' id='word_1_354' title='bbox 202 4046 246 4081; x_wconf 81' lang='lat' dir='ltr'><strong>res.</strong></span> <span class='ocrx_word' id='word_1_355' title='bbox 258 4025 309 4094; x_wconf 73' lang='grc' dir='ltr'><strong>βγ.</strong></span> <span class='ocrx_word' id='word_1_356' title='bbox 329 4073 360 4080; x_wconf 81' lang='grc'>-</span> <span class='ocrx_word' id='word_1_357' title='bbox 375 4032 501 4094; x_wconf 68' lang='lat' dir='ltr'><strong>eraserunt,</strong></span> <span class='ocrx_word' id='word_1_358' title='bbox 513 4046 536 4079; x_wconf 83' lang='lat' dir='ltr'><strong>a.</strong></span> <span class='ocrx_word' id='word_1_359' title='bbox 557 4071 587 4088; x_wconf 58' lang='grc'><strong>..,</strong></span> <span class='ocrx_word' id='word_1_360' title='bbox 606 4038 696 4091; x_wconf 83' lang='lat' dir='ltr'><strong>amant,</strong></span> <span class='ocrx_word' id='word_1_361' title='bbox 708 4047 731 4079; x_wconf 87' lang='lat' dir='ltr'><strong>a.</strong></span> <span class='ocrx_word' id='word_1_362' title='bbox 752 4071 781 4078; x_wconf 93' lang='lat'><strong>..</strong></span> <span class='ocrx_word' id='word_1_363' title='bbox 800 4029 892 4087; x_wconf 78' lang='lat' dir='ltr'><strong>eo,D&#39;³.</strong></span> <span class='ocrx_word' id='word_1_364' title='bbox 911 4044 970 4089; x_wconf 84' lang='lat' dir='ltr'><strong>eum,</strong></span> <span class='ocrx_word' id='word_1_365' title='bbox 982 4029 1049 4078; x_wconf 85' lang='lat' dir='ltr'><strong>D&#39;a.</strong></span> <span class='ocrx_word' id='word_1_366' title='bbox 1067 4045 1118 4089; x_wconf 85' lang='lat' dir='ltr'><strong>con,</strong></span> <span class='ocrx_word' id='word_1_367' title='bbox 1132 4031 1155 4077; x_wconf 94' lang='lat' dir='ltr'><strong>d.</strong></span> 
     </span>
    </p>

    <p class='ocr_par' dir='ltr' id='par_1_7' title="bbox 236 4093 1323 4161">
     <span class='ocr_line' id='line_1_41' title="bbox 236 4093 1323 4161; baseline -0.002 -14"><span class='ocrx_word' id='word_1_368' title='bbox 236 4099 249 4160; x_wconf 69' lang='grc' dir='ltr'><strong>ξ</strong></span> <span class='ocrx_word' id='word_1_369' title='bbox 263 4105 303 4147; x_wconf 79' lang='lat'><strong>23.</strong></span> <span class='ocrx_word' id='word_1_370' title='bbox 322 4099 388 4160; x_wconf 84' lang='lat' dir='ltr'><strong>fere,</strong></span> <span class='ocrx_word' id='word_1_371' title='bbox 401 4100 476 4149; x_wconf 87' lang='lat' dir='ltr'><strong>Tad.</strong></span> <span class='ocrx_word' id='word_1_372' title='bbox 495 4098 618 4161; x_wconf 83' lang='lat' dir='ltr'><strong>vcrosere,</strong></span> <span class='ocrx_word' id='word_1_373' title='bbox 629 4093 658 4159; x_wconf 78' lang='grc' dir='ltr'><strong>β.</strong></span> <span class='ocrx_word' id='word_1_374' title='bbox 679 4137 709 4148; x_wconf 87' lang='grc'><strong>..</strong></span> <span class='ocrx_word' id='word_1_375' title='bbox 728 4098 845 4156; x_wconf 81' lang='lat' dir='ltr'><strong>obversas,</strong></span> <span class='ocrx_word' id='word_1_376' title='bbox 858 4098 930 4146; x_wconf 89' lang='lat' dir='ltr'><strong>codd.</strong></span> <span class='ocrx_word' id='word_1_377' title='bbox 944 4096 1000 4148; x_wconf 84' lang='lat' dir='ltr'><strong>Gel.</strong></span> <span class='ocrx_word' id='word_1_378' title='bbox 1024 4099 1176 4159; x_wconf 66' lang='lat' dir='ltr'><strong>ebertanae.</strong></span> <span class='ocrx_word' id='word_1_379' title='bbox 1198 4098 1323 4145; x_wconf 77' lang='lat' dir='ltr'><strong>obseruan-</strong></span> 
     </span>
    </p>
   </div>
   <div class='ocr_carea' id='block_1_4' title="bbox 201 4163 1322 4297">
    <p class='ocr_par' dir='ltr' id='par_1_8' title="bbox 201 4163 1322 4297">
     <span class='ocr_line' id='line_1_42' title="bbox 203 4163 1322 4230; baseline 0.001 -19"><span class='ocrx_word' id='word_1_380' title='bbox 203 4172 242 4226; x_wconf 82' lang='lat' dir='ltr'><strong>tes,</strong></span> <span class='ocrx_word' id='word_1_381' title='bbox 253 4166 306 4215; x_wconf 79' lang='lat' dir='ltr'><strong>Tu.</strong></span> <span class='ocrx_word' id='word_1_382' title='bbox 331 4208 361 4216; x_wconf 87' lang='lat'><strong>..</strong></span> <span class='ocrx_word' id='word_1_383' title='bbox 381 4166 449 4228; x_wconf 79' lang='lat' dir='ltr'><strong>fieri,</strong></span> <span class='ocrx_word' id='word_1_384' title='bbox 462 4168 485 4215; x_wconf 88' lang='lat' dir='ltr'><strong>d.</strong></span> <span class='ocrx_word' id='word_1_385' title='bbox 508 4166 538 4215; x_wconf 90' lang='lat' dir='ltr'><strong>In</strong></span> <span class='ocrx_word' id='word_1_386' title='bbox 551 4168 607 4216; x_wconf 87' lang='lat' dir='ltr'><strong>cod.</strong></span> <span class='ocrx_word' id='word_1_387' title='bbox 620 4181 635 4214; x_wconf 87' lang='lat' dir='ltr'><strong>a</strong></span> <span class='ocrx_word' id='word_1_388' title='bbox 646 4179 731 4215; x_wconf 87' lang='lat' dir='ltr'><strong>erasae</strong></span> <span class='ocrx_word' id='word_1_389' title='bbox 744 4167 808 4214; x_wconf 86' lang='lat' dir='ltr'><strong>duae</strong></span> <span class='ocrx_word' id='word_1_390' title='bbox 820 4165 928 4227; x_wconf 81' lang='lat' dir='ltr'><strong>litterae,</strong></span> <span class='ocrx_word' id='word_1_391' title='bbox 941 4181 1006 4230; x_wconf 84' lang='lat' dir='ltr'><strong>quae</strong></span> <span class='ocrx_word' id='word_1_392' title='bbox 1018 4163 1043 4214; x_wconf 87' lang='lat' dir='ltr'><strong>la</strong></span> <span class='ocrx_word' id='word_1_393' title='bbox 1054 4167 1209 4216; x_wconf 83' lang='lat' dir='ltr'><strong>videbantur.</strong></span> <span class='ocrx_word' id='word_1_394' title='bbox 1230 4207 1259 4215; x_wconf 84' lang='grc'><strong>..</strong></span> <span class='ocrx_word' id='word_1_395' title='bbox 1287 4181 1322 4212; x_wconf 84' lang='lat' dir='ltr'><strong>se-</strong></span> 
     </span>
     <span class='ocr_line' id='line_1_43' title="bbox 201 4229 819 4297; baseline 0.003 -17"><span class='ocrx_word' id='word_1_396' title='bbox 201 4231 284 4295; x_wconf 82' lang='lat' dir='ltr'><strong>cundo,</strong></span> <span class='ocrx_word' id='word_1_397' title='bbox 297 4236 387 4285; x_wconf 88' lang='lat' dir='ltr'><strong>Tadr.</strong></span> <span class='ocrx_word' id='word_1_398' title='bbox 405 4234 429 4282; x_wconf 81' lang='lat' dir='ltr'><strong>in</strong></span> <span class='ocrx_word' id='word_1_399' title='bbox 440 4232 548 4297; x_wconf 71' lang='lat' dir='ltr'><strong>amando,</strong></span> <span class='ocrx_word' id='word_1_400' title='bbox 559 4229 588 4296; x_wconf 80' lang='grc' dir='ltr'>β</span> <span class='ocrx_word' id='word_1_401' title='bbox 611 4274 637 4282; x_wconf 69' lang='lat'>„</span> <span class='ocrx_word' id='word_1_402' title='bbox 658 4231 775 4295; x_wconf 77' lang='lat' dir='ltr'><strong>decidam,</strong></span> <span class='ocrx_word' id='word_1_403' title='bbox 788 4233 819 4284; x_wconf 87' lang='lat' dir='ltr'><strong>K.</strong></span> 
     </span>
    </p>
   </div>
   <div class='ocr_carea' id='block_1_5' title="bbox 0 0 1452 4792">
    <p class='ocr_par' dir='ltr' id='par_1_9' title="bbox 0 0 1452 4792">
     <span class='ocr_line' id='line_1_44' title="bbox 0 0 1452 4792; baseline 0 0"><span class='ocrx_word' id='word_1_404' title='bbox 0 0 1452 4792; x_wconf 95' lang='lat' dir='ltr'><strong> </strong></span> 
     </span>
    </p>
   </div>
  </div>
 </body>
</html>
