2896 4792
418 258 489 304 nm.
505 259 593 305 xvu.
624 258 701 306 car.
719 259 808 305 xxu.
841 257 937 306 sacr.
954 261 985 303 aa
1201 243 1260 304 117
1290 226 1292 231 ’

141 404 295 474 decidant
315 406 446 484 imbres,
469 418 501 471 et
521 407 564 472 ad
586 419 703 473 terram
726 407 807 472 verti
825 429 922 491 quam
936 407 1097 472 levissima
1112 407 1261 474 cicatrice

141 507 211 574 aeie
241 507 334 573 lalcis
357 518 469 572 exacta
490 509 650 594 plagaque
673 508 854 586 conlevata,
884 508 983 572 recidi
1005 519 1112 573 autem
1135 530 1262 594 semper

140 607 227 674 inter
247 608 329 674 duas
350 630 503 696 gemmas,
525 630 566 673 ne
588 608 630 673 sit
652 609 765 673 volnus
787 608 888 672 oculis
902 608 936 671 in
951 609 1054 674 recisa
1075 618 1177 692 parte.
1199 606 1260 671 Ni·
1276 624 1322 670 ros

94 765 105 776 ,
141 730 235 797 gram
257 729 328 773 esee
350 731 421 773 eam
442 708 637 773 existumant
659 719 690 773 et
712 708 814 773 donee
836 708 878 772 ad
900 708 1025 773 sincera
1046 709 1194 773 veniatur
1207 731 1258 773 re-

140 808 320 885 cidendam,
346 806 541 892 quoniame
568 808 683 873 vitioso
709 808 844 873 materia
875 807 962 873 utilis
989 830 1053 873 non
1083 819 1186 874 exeat.
1223 806 1259 874 si

140 894 251 973 misera
276 907 352 972 vitis
378 908 511 973 idoneos
539 909 686 993 palmites
716 930 779 973 non
800 908 928 987 habeat,
956 909 997 972 ad
1024 922 1141 974 terram
1162 908 1260 974 recidi

139 1031 212 1074 eam
233 1029 399 1091 novosque
422 1008 494 1072 elici
515 1008 734 1087 utilissimum3
757 1009 793 1073 in
814 1009 1052 1092 pampinatione
1073 1032 1136 1074 non
1152 1031 1206 1074 eos
1220 1008 1274 1073 de'

140 1107 192 1174 his
219 1107 386 1173 detrahere
413 1109 581 1193 pampinos
606 1109 662 1192 qui
692 1131 765 1173 oum
786 1131 850 1174 uva
873 1108 952 1183 sint3
984 1108 1019 1172 id
1041 1109 1158 1174 etenim
1180 1130 1260 1174 uvas

142 1208 328 1294 supplantat
350 1218 574 1292 praeterquam
595 1209 628 1272 in
650 1207 774 1273 novella
795 1209 897 1273 vinea
920 1207 1056 1272 Inutiles
1077 1208 1260 1273 iudicantur
1276 1224 1323 1268 194

140 1310 173 1372 in
194 1308 295 1373 latere
316 1307 394 1386 nati,
416 1330 480 1371 non
502 1306 543 1372 ab
566 1307 675 1384 oculo;
704 1307 823 1392 quippe
846 1308 941 1371 etiam
961 1329 1024 1371 uva
1045 1329 1126 1392 quae
1146 1332 1260 1374 nasca-

141 1419 233 1474 ture
255 1408 336 1472 duro
358 1407 548 1494 rigescente‚
576 1421 612 1471 ut
632 1407 694 1472 uisi
716 1407 802 1471 ferro
824 1405 947 1471 detrahi
969 1429 1032 1471 non
1054 1409 1163 1493 possit.
1196 1408 1259 1474 Pe·

141 1509 327 1574 damentum
355 1507 487 1591 quidam
514 1507 597 1572 inter
623 1508 705 1572 duas
731 1507 805 1573 vitis
827 1507 936 1572 utilius
957 1517 1072 1592 putant
1094 1508 1201 1586 statui,
1228 1520 1260 1574 et

139 1608 266 1674 facilius
291 1607 523 1691 ablaqueantur
549 1608 593 1670 ita
621 1607 797 1691 meliusque
827 1618 876 1672 est
902 1608 1053 1695 uniiugae
1081 1608 1204 1688 vineae,
1233 1610 1259 1674 si

139 1720 246 1773 tamen
268 1719 301 1773 et
321 1707 383 1793 ipsi
405 1708 482 1795 iugo
505 1708 568 1772 sint
590 1708 674 1773 vires
696 1730 756 1773 neo
774 1707 855 1772 flatu
867 1708 988 1773 infesta
1002 1712 1102 1796 regio.
1125 1708 1164 1773 In
1178 1732 1258 1794 qna-

138 1807 307 1892 dripertita
335 1829 432 1890 quam
458 1830 652 1893 proxumum
678 1809 768 1874 oneri
795 1809 1022 1873 adminiculum
1051 1831 1122 1874 esse
1144 1808 1257 1886 debet3

139 1930 182 1973 ne
211 1918 318 1973 tamen
344 1908 598 1993 inpedimentum
626 1909 742 1974 sentiat
768 1909 979 1994 ablaqueatio,
1013 1909 1121 1974 cubito
1144 1907 1258 1973 abesse

138 2031 204 2074 non
231 2009 386 2094 amplius3
420 2009 604 2093 ablaqueari
631 2020 738 2074 autem
766 2011 858 2095 prius
886 2032 982 2095 quam
1011 2010 1116 2093 putari
1138 2008 1257 2074 iubent.
1361 2038 1364 2043 ·

139 2106 222 2174 Cato
251 2109 291 2175 de
317 2109 402 2174 omni
430 2111 554 2175 cultura
579 2110 693 2175 vitium
714 2111 760 2174 ita
781 2111 952 2197 praecipit:
986 2109 1117 2191 „Quam
1139 2110 1256 2174 altissi-
1273 2123 1319 2168 res

138 2231 224 2273 mam
245 2209 371 2276 vineam
392 2209 489 2274 facito
518 2210 722 2297 adligatoque
744 2223 840 2288 reete,
869 2212 946 2276 dum
967 2234 1008 2277 ne
1029 2211 1160 2274 nimium
1182 2233 1258 2274 eon·

136 2308 291 2396 stringas.
314 2309 388 2374 Hoc
408 2311 505 2376 modo
526 2332 598 2375 eam
612 2323 740 2377 curato:
764 2312 869 2397 capita
888 2313 999 2377 vitium
1014 2334 1071 2398 per
1085 2300 1258 2391 sementem

138 2408 336 2492 ablaqueato.
378 2409 515 2476 Vineam
547 2421 691 2497 putatam
725 2412 958 2488 circumfodito,
991 2434 1081 2475 arare
1113 2410 1256 2495 incipito.

138 2506 234 2573 Ultro
256 2510 398 2594 citroque
420 2512 525 2576 suleos
547 2521 720 2597 perpetuos
743 2512 860 2576 ducito.
893 2512 980 2577 Vitis
1008 2523 1134 2575 teneras
1161 2532 1257 2591 quam

70 2623 75 2632 '
137 2609 276 2692 primum
297 2623 487 2698 propagato,
518 2613 564 2676 sic
585 2621 704 2689 cecato,
733 2621 859 2676 veteres
888 2632 984 2694 quam
1005 2611 1180 2673 minumum
1203 2632 1257 2673 ca·

138 2719 250 2775 strato.
284 2710 408 2790 Potius,
434 2713 461 2776 si
483 2734 565 2797 opus
588 2713 658 2790 erit,
683 2711 800 2776 deicito
822 2711 1014 2794 biennioque
1036 2720 1109 2795 post
1131 2710 1320 2795 praeci-1⁹6

138 2808 215 2874 dito.
249 2809 357 2876 Vitem
377 2813 535 2877 novellam
556 2813 694 2877 resecari
717 2824 784 2876 tum
808 2811 870 2876 erit
890 2822 1027 2896 tempus,
1051 2809 1106 2873 ubi
1130 2808 1257 2874 valebit.

140 2905 178 2973 Si
199 2911 293 2976 vinea
314 2912 356 2976 ab
378 2912 444 2978 vite
467 2913 590 2978 calvata
611 2913 682 2991 erit,
706 2912 811 2978 sulcos
832 2911 1029 2997 interponito
1050 2909 1160 2993 ibique
1175 2908 1258 2974 vivi-

119 3008 278 3107 'radicem
301 3012 413 3091 serito;
436 3014 582 3079 umbram
603 3038 622 3078 a
645 3013 742 3079 auleis
763 3024 927 3078 removeto
949 3011 1125 3093 crebroque
1146 3010 1256 3075 fodito.

138 3110 178 3175 In
200 3111 293 3178 vinea
314 3125 422 3178 vetere
445 3115 541 3179 serito
564 3115 701 3194 ocinum,
729 3114 756 3179 si
777 3137 885 3180 macra
907 3114 967 3179 erit
974 3137 983 3189 3
1013 3112 1100 3196 quod
1121 3133 1259 3199 granum
1273 3121 1321 3168 1⁹⁷

173 3321 257 3382 §¹⁹⁴-
282 3327 403 3380 aaeeotur,
416 3335 438 3370 a
465 3321 641 3381 matraid.
661 3361 691 3370 -
714 3336 769 3369 nam
777 3319 992 3384 facilia-wales.
1013 3359 1043 3368 ..
1063 3317 1148 3382 flatui,
1161 3319 1205 3367 ad.
1227 3358 1256 3365 ..

139 3383 325 3449 quadripertito,
337 3402 360 3436 a.
379 3385 567 3451 quadripartita,
580 3383 652 3450 ᾱβγ.
672 3429 703 3437 ..
722 3389 824 3449 enormi,
837 3405 859 3437 a
878 3429 910 3436 -
929 3387 1045 3446 iubentur,
1057 3388 1089 3437 Τ.

173 3480 187 3541 ξ
202 3483 257 3528 195.
279 3475 337 3528 Cato
349 3481 381 3528 de
392 3495 419 3528 re
430 3487 491 3530 rust.
504 3485 544 3530 ³3.
558 3520 589 3528 ..
608 3477 699 3540 ommni,
711 3497 734 3529 a.
748 3520 779 3528 -
795 3496 840 3542 per
850 3487 972 3527 sementem
984 3477 1132 3540 ablaqueato.
1151 3476 1258 3535 idaeam,

138 3546 224 3594 inserit
234 3547 300 3595 Pint.
313 3562 346 3596 ex
358 3546 415 3598 Cat.
434 3548 522 3598 Omitt.
535 3542 625 3610 adssr.
644 3548 713 3597 Add
726 3548 811 3596 Klotz.
824 3549 850 3595 in
862 3547 934 3595 Iahn.
947 3548 1040 3606 horreo
1054 3552 1094 3605 10,
1107 3551 1146 3594 54.
1155 3590 1159 3599 ,
1169 3583 1194 3591 -
1212 3559 1258 3605 pu·

140 3619 222 3673 totam,
235 3612 308 3664 Cato.
324 3621 419 3677 putatu,
432 3610 529 3678 adssr„
544 3656 573 3663 ..
598 3613 670 3662 Ultra
680 3613 794 3676 citroque,
807 3631 825 3663 r.
846 3654 876 3662 ..
895 3629 966 3676 quam
975 3611 1117 3676 proximum,
1129 3613 1152 3659 d.
1173 3651 1203 3658 ..
1225 3607 1259 3656 eie

139 3687 226 3741 cecato,
239 3696 288 3744 ego
300 3682 394 3731 inserui
407 3682 506 3732 excat.
526 3689 587 3738 coto,
598 3684 652 3732 Da.
671 3681 760 3732 Omitt.
772 3677 842 3744 ἁβγ.
862 3720 893 3729 ..
915 3695 987 3743 quom
997 3679 1132 3744 plurimum.
1149 3673 1259 3724 (lustrato

135 3746 223 3808 potius,
232 3750 300 3798 Pint.

173 3842 257 3903 5196.
287 3841 339 3902 erit,
355 3833 446 3890 Orat
460 3837 559 3903 (Cato).
575 3835 703 3904 sueritss.
723 3881 752 3889 ..
777 3837 895 3901 mavellem,
908 3856 930 3889 a.
950 3881 980 3889 -
1006 3847 1094 3898 tum‚a.
1115 3836 1259 3895 totum,Td.

140 3906 353 4032 mmiabvilegam'
374 3949 404 3956 ..
428 3907 588 3967 viviradicem,
602 3908 696 3958 Sabell
709 3922 741 3958 ex
754 3907 810 3958 Cat.
836 3907 1037 3966 vivamrado'cem
1053 3898 1122 3953 θεὰ.
1147 3943 1176 3951 ..
1206 3901 1258 3950 ler-

173 4060 258 4121 5197.
286 4065 368 4119 vetere,
384 4052 454 4107 θεὰ.
478 4059 557 4120 veteri,
570 4054 599 4119 β.
621 4101 650 4109 ..
675 4059 832 4120 ocinumad
855 4053 1007 4123 ocymum.
1027 4097 1056 4105 -
1081 4053 1259 4114 simacrocrt‘t,

138 4126 271 4256 2apdhppiora
288 4127 374 4177 retulit
389 4126 533 4175 Pontedera
548 4128 675 4190 antiquitt.
693 4144 716 4191 p.
732 4131 771 4178 47.
795 4127 895 4177 Novam
913 4126 1043 4188 periodum
1060 4123 1120 4172 hino
1136 4123 1260 4186 incipiunt
