2896 4792
196 264 259 325 144
548 278 751 328 urrunsms
775 280 969 328 russonum

240 432 269 493 6.
291 430 342 494 Ac
368 429 506 513 primum
535 431 676 496 omnium
702 431 839 497 oraculis
861 431 982 496 maiore
1008 444 1161 516 exparte
1183 455 1318 519 agemus
1332 453 1363 498 25

195 551 279 613 quae
305 552 368 593 non
395 531 428 594 in
454 530 516 595 alio
544 531 627 595 vitae
655 553 773 617 genere
803 533 896 616 plura
922 533 1098 597 certiorave
1125 546 1209 599 sunt.
1229 534 1319 621 ,Cur

197 633 282 696 enim
311 655 375 697 non
410 631 580 698 videantur
614 632 741 698 oracula
771 656 790 697 a
817 633 995 698 certissimo
1022 633 1075 698 die
1104 658 1318 720 maxumeque

196 733 335 798 veridico
357 755 419 798 usu
439 734 604 819 profecta?

237 833 280 900 V.
302 834 502 919 Principium
523 846 630 899 autem
652 858 673 900 a
694 832 820 900 Catone
840 854 1012 900 sumemus.
1036 835 1241 914 „Fortissimi
1256 840 1318 904 viri
1331 858 1363 901 to

196 946 228 1001 et
242 936 358 1001 milites
374 936 584 1001 strenuissimi
600 958 640 1001 ex
655 936 804 1022 agricolis
818 936 996 1024 gignuntur
1013 938 1217 1022 minumeque
1234 941 1317 1006 male

195 1037 386 1124 cogitantes.
417 1037 590 1102 Praedium
612 1060 653 1102 ne
676 1037 792 1121 cupide
814 1046 911 1103 eruas.
944 1037 984 1101 In
1004 1061 1039 1102 re
1060 1042 1181 1106 rustica
1201 1063 1317 1126 operae

194 1161 236 1203 ne
262 1161 392 1224 parcas,
425 1138 459 1202 in
487 1160 566 1224 agro
595 1138 728 1202 emendo
755 1138 906 1239 minume.
944 1136 1041 1220 Quod
1069 1141 1151 1206 male
1172 1154 1316 1227 emptum

194 1253 260 1318 est,
284 1263 412 1324 semper
433 1241 583 1326 paenitet.
626 1241 753 1326 Agrum
774 1251 943 1326 paraturos
969 1254 1044 1306 ants
1071 1242 1179 1307 omnia
1199 1242 1317 1307 intueri

195 1352 322 1426 oportet
343 1362 475 1425 aquam,
504 1340 606 1418 viam,
634 1341 808 1406 vicinum.''
843 1339 980 1428 Singula
1001 1365 1136 1428 magnas
1156 1344 1316 1427 interpre-

195 1443 331 1508 tationes
345 1441 467 1506 habent
481 1464 541 1506 neo
559 1441 685 1506 dubias.
710 1440 791 1507 Cato
812 1444 846 1506 in
868 1444 1074 1509 conterminis
1096 1444 1157 1510 hoc
1177 1445 1316 1529 amplius
1329 1459 1361 1503 27

193 1543 366 1610 aestumari
385 1543 489 1619 iubet,
512 1564 575 1626 quo
597 1554 692 1627 paeto
712 1544 850 1607 niteant:
874 1544 929 1619 „in
951 1543 1035 1610 bona
1056 1546 1177 1623 enim''‚
1200 1544 1315 1629 inquit,

192 1646 347 1732 „regione
369 1644 450 1709 bene
472 1643 609 1708 nitent.''
632 1643 752 1708 Atilius
765 1643 913 1730 Regulus
934 1645 987 1710 ille
1009 1645 1134 1712 Punico
1159 1647 1242 1711 bello
1265 1645 1315 1710 bis

193 1747 305 1811 consul
336 1745 443 1810 aiebat
474 1765 577 1827 neque
609 1743 845 1808 fecundissimis
871 1745 951 1811 locis
978 1745 1173 1812 insalubrem
1201 1769 1315 1832 agrum

192 1848 371 1934 parandum
405 1867 509 1929 neque
537 1844 641 1910 effetis
669 1844 922 1912 saluberrimum.
957 1845 1135 1914 Salubritas
1160 1849 1222 1914 loci
1250 1872 1314 1912 non

193 1956 320 2033 semper
341 1946 516 2011 incolarum
538 1946 642 2009 colore
664 1944 840 2032 detegitur,
862 1947 1013 2030 quoniam
1032 1949 1157 2015 adsueti
1171 1950 1266 2013 etiam
1280 1950 1314 2013 in

192 2047 417 2135 pestilentibus
440 2046 566 2110 durant.
598 2045 769 2111 Praeterea
797 2059 872 2112 sunt
893 2048 1050 2131 quaedam
1072 2049 1217 2133 partibus
1239 2049 1314 2113 anni
1328 2061 1360 2106 28

192 2149 349 2226 salubria,
371 2147 451 2211 nihil
470 2159 578 2212 autem
599 2147 737 2212 salutare
752 2159 803 2213 est
816 2148 879 2212 nisi
895 2149 981 2231 quod
996 2159 1064 2214 toto
1079 2172 1163 2214 anno
1177 2150 1313 2214 salubre.

191 2250 301 2316 Malus
323 2260 372 2314 est
392 2270 472 2335 ager
493 2269 567 2313 cum
587 2268 651 2331 quo
671 2247 819 2313 dominus
839 2249 988 2314 luctatur.
1013 2247 1095 2314 Cato
1113 2250 1198 2315 inter
1211 2252 1315 2336 prima

193 2351 331 2439 spectari
352 2349 447 2414 'iubet
483 2360 520 2413 ut
549 2348 651 2413 solum
677 2371 736 2413 sna
763 2349 882 2414 virtuts
910 2350 1015 2415 valeat
1035 2371 1099 2433 qua
1121 2351 1315 2416 dictumest

129 2468 134 2475 “
192 2451 368 2537 positione,
395 2461 432 2515 ut
453 2450 672 2535 operariorum
694 2451 788 2535 copia
808 2472 908 2536 prope
931 2451 974 2516 sit
993 2451 1211 2536 oppidumque
1232 2452 1314 2517 vali-

191 2554 287 2631 dum,
310 2563 347 2617 ut
367 2551 571 2640 navigiorum
594 2562 726 2616 evectus
748 2551 798 2616 vel
820 2550 988 2630 itinerum,
1011 2567 1048 2616 ut
1066 2553 1149 2618 bene
1163 2553 1312 2619 aedifica-

192 2666 245 2720 tus
267 2667 300 2719 et
321 2652 442 2730 cultus,
471 2653 506 2716 in
528 2674 592 2736 quo
615 2652 683 2717 falli
703 2653 873 2737 plerosque
895 2651 1008 2730 vide03
1038 2655 1206 2741 segnitiem
1229 2656 1314 2720 enim

191 2757 308 2843 prioris
323 2754 442 2820 domini
457 2776 515 2839 pro
531 2763 674 2838 emptore
694 2775 765 2817 esse
783 2752 976 2818 arbitrantur
982 2777 991 2828 3
1014 2754 1093 2818 nihil
1112 2766 1161 2821 est
1181 2757 1313 2821 damno·

192 2858 260 2925 aius
293 2857 420 2923 deserto
453 2877 542 2941 agro.
584 2848 699 2938 Itaque
729 2851 827 2933 Cato,
861 2854 901 2923 de
928 2854 1013 2920 bono
1040 2855 1168 2921 domino
1200 2856 1313 2921 melius
1326 2868 1360 2911 2⁹

192 2961 272 3037 emi,
295 2981 355 3023 nec
370 2968 486 3021 temere
501 2954 765 3020 contemnendam
780 2956 915 3021 alienam
932 2956 1148 3041 disciplinam,
1170 2977 1313 3043 agroque

227 3098 294 3158 §25-
317 3094 410 3156 maiori,
423 3096 447 3143 d.
467 3135 497 3142 ..
522 3095 595 3154 aad.
623 3097 696 3154 e‚a².
723 3097 795 3156 a,a¹.
814 3137 845 3144 ..
869 3111 954 3160 genere
964 3096 1035 3155 citae,
1048 3099 1072 3146 d.
1091 3137 1122 3144 -
1145 3093 1313 3156 <launna

192 3165 262 3228 Lips.
276 3163 348 3226 epist.
361 3171 456 3225 quaest.
469 3168 494 3221 2,
505 3167 529 3212 8.

225 3233 294 3295 526.
321 3228 640 3292 Fortunati-cogitantes,
658 3238 716 3279 sunt
732 3230 796 3279 haec
812 3231 838 3279 in
855 3231 953 3280 brevius
971 3239 1100 3281 contracta
1115 3245 1148 3280 ex
1164 3229 1220 3280 cat.
1238 3230 1269 3278 de
1285 3242 1313 3278 re

191 3298 255 3348 rust?
269 3297 348 3361 praef.
365 3299 416 3360 §a
434 3337 465 3346 ..
489 3293 621 3344 Praedium
637 3312 719 3360 seqq,
736 3299 797 3346 item
814 3299 841 3347 in
857 3299 956 3347 brevius
973 3306 1104 3349 contracta
1120 3312 1153 3347 ex
1169 3296 1226 3347 Cat.
1243 3296 1274 3345 de
1285 3310 1313 3344 rs

191 3373 254 3415 rust.
267 3371 289 3414 l.
308 3405 340 3413 ..
363 3379 440 3427 opere,
453 3380 475 3413 a.
498 3363 575 3427 apori,
588 3366 612 3413 d.
635 3363 737 3427 operari,
749 3367 780 3415 T.
800 3405 832 3413 ..
855 3380 943 3427 aquam
954 3365 1025 3424 viam,
1042 3365 1116 3416 codd.
1129 3366 1275 3414 Turuadv.
1290 3369 1312 3421 l,
1413 3362 1414 3366 ’

192 3438 233 3483 20.
256 3447 343 3495 aquam
360 3431 414 3491 vim,
431 3433 476 3480 ad.
499 3447 618 3494 aquaram
630 3431 685 3493 vim,
700 3427 729 3492 β.
753 3432 786 3481 V.
799 3431 936 3482 Columell.
949 3431 969 3481 L
982 3439 1007 3493 8,
1020 3439 1044 3482 8.
1063 3472 1093 3481 -
1118 3430 1226 3486 mbram,
1240 3430 1312 3478 codd.
1349 3459 1352 3464 ·

192 3499 271 3551 Turn.
289 3506 332 3547 aut
342 3499 448 3558 aduam,
461 3501 506 3548 ad.
524 3506 547 3546 et
558 3498 667 3560 vicinam,
679 3494 730 3563 βγ.
750 3540 781 3547 -
800 3497 890 3560 dubius,
902 3514 925 3547 a.
1122 3490 1129 3503 ⁴

225 3568 241 3632 ξ
253 3571 294 3618 27.
315 3562 374 3616 Cato
386 3567 402 3615 l.
416 3567 433 3615 l.
447 3568 461 3630 ξ
474 3573 497 3616 2.
517 3607 548 3614 -
567 3565 705 3626 αιἐτίηιανί,
717 3569 742 3616 d.
755 3607 787 3614 -
805 3565 907 3626 niteaat3
925 3580 972 3629 pro
984 3564 1010 3614 h.
1019 3579 1043 3614 v.
1056 3565 1151 3613 habant
1161 3561 1257 3610 iubeant
1268 3563 1312 3610 ad.

193 3675 224 3684 -
243 3635 311 3696 lona,
323 3634 376 3685 Τὰ.
396 3633 461 3694 bono,
474 3626 522 3682 Oa.
544 3674 571 3682 -
591 3633 660 3695 enim,
672 3634 746 3684 Tad.
764 3639 805 3694 eat,
818 3625 868 3692 θβ.
887 3669 919 3680 ..
937 3629 1039 3696 regione,
1052 3632 1105 3681 Td.
1128 3627 1247 3693 reb‘qtbnq
1263 3622 1311 3679 Oa.

192 3743 222 3752 -
242 3700 323 3762 adeat,
335 3702 366 3750 T.
384 3700 473 3761 nitenti,
489 3691 559 3750 θεὰ.
578 3699 659 3762 nitere,
670 3696 700 3762 β.

225 3772 292 3833 528.
315 3767 469 3832 partilium.
496 3765 521 3814 in
534 3767 717 3830 paratura.
737 3806 768 3815 -
794 3763 942 3826 salubreast,
957 3756 986 3813 θ.
1005 3805 1037 3812 -
1064 3761 1182 3825 maclam,
1195 3765 1240 3813 ad.
1266 3779 1312 3812 aon

190 3834 273 3898 oolam,
285 3836 318 3887 Κ.
337 3851 391 3885 nam
402 3833 484 3894 solam,
501 3834 569 3884 Pint.
582 3842 608 3882 ot
618 3835 762 3885 Pontedera
773 3832 899 3895 antiquitt.
916 3848 940 3896 p.
954 3834 1003 3891 27,
1020 3833 1052 3881 ad
1066 3831 1156 3883 caton.
1170 3833 1201 3881 dc
1213 3846 1239 3880 re
1251 3839 1312 3882 rust.

193 3909 252 3965 1,2.
272 3945 303 3952 -
327 3900 451 3963 υαῑεαΐ,ᾱ.
477 3897 585 3961 aleat‚a.'
612 3899 671 3962 alat,
689 3916 708 3950 r.
727 3940 759 3950 -
783 3897 969 3958 dictamum,
982 3905 1022 3949 36.
1041 3940 1072 3947 -
1101 3905 1127 3946 tet
1138 3899 1200 3959 bene,
1213 3902 1237 3948 d.
1265 3905 1312 3946 tum

192 3971 255 4032 bene,
267 3986 290 4021 a.
310 4012 341 4020 ..
362 3968 532 4034 repatrianti
553 3966 660 4029 agnitio,
671 3982 694 4015 a.
713 4007 744 4016 -
767 3965 1015 4027 arbitratum...
1039 3964 1126 4014 damno
1142 3965 1192 4014 cias
1208 3964 1313 4014 άωατω

191 4053 257 4101 aper,
269 4054 292 4088 a.
314 4035 485 4101 dampnosius
496 4032 611 4082 wodor
621 4049 689 4098 apro,
701 4036 725 4084 d
742 4034 791 4085 His
803 4034 998 4084 calcationibus
1010 4035 1132 4098 colligere
1143 4035 1212 4091 licet,
1223 4034 1311 4095 vulga-

191 4113 245 4154 tam
256 4107 404 4168 scripturam
415 4102 612 4166 interpolatione
623 4116 677 4150 non
689 4116 743 4152 essa
753 4115 870 4161 vacuam,
887 4110 913 4151 ot
924 4100 999 4151 facile
1011 4102 1083 4151 varia
1092 4101 1184 4151 coniici
1196 4109 1310 4164 possunt

191 4171 242 4222 Sed
254 4188 329 4236 snpra
341 4171 524 4222 hariolationes
536 4170 580 4219 vix
591 4170 767 4232 progrediaris,
784 4177 877 4219 etcum
890 4171 1015 4221 sententia
1025 4170 1076 4219 loci
1089 4171 1133 4219 vix
1145 4184 1189 4232 per
1201 4183 1244 4217 cas
1255 4182 1310 4215 mu-

191 4247 265 4301 tetur,
283 4241 308 4290 in
320 4242 426 4303 vulgata
437 4239 578 4302 acquiesco.
