2896 4792
449 266 520 341 tm.
536 291 624 339 nvn.
653 292 730 338 cnr.
745 291 793 337 xr.
822 288 920 336 sacr.
938 290 967 333 ie.
1224 266 1266 331 89

137 444 255 513 abradi
277 445 383 533 partis
402 466 488 529 quae
510 466 545 511 se
566 441 765 508 nudaverint.
801 438 917 505 Testae
944 437 1042 521 aliqui
1070 436 1121 501 vel
1141 433 1267 519 lapides

138 548 300 615 rattrudos
321 545 429 612 subici
450 545 583 623 malunt,
611 543 667 628 qui
688 553 720 606 et
742 541 925 607 contineant
945 560 1090 604 umorem
1110 547 1142 600 et
1163 546 1266 600 trans-

138 649 282 727 mittant,
307 670 375 713 non
397 647 473 712 item
493 646 606 731 planos
628 645 735 710 iacere
757 652 789 708 et
811 664 831 706 a
853 653 976 706 terreno
998 660 1106 704 arcere
1127 637 1268 701 radicem

86 828 89 833 ¹
139 749 399 824 existumantes3
432 748 542 836 glarea
574 744 735 812 substrata
766 744 848 809 inter
879 753 1046 825 utramque
1078 737 1269 804 sententiam

141 850 254 917 fixerit,
277 849 442 915 Arborem
461 870 522 913 nec
541 847 696 913 minorem
710 845 797 910 bima
817 866 878 909 nec
891 843 1043 908 maiorem
1059 841 1151 905 trima
1165 850 1269 904 trans·
1281 856 1314 902 aa

141 951 233 1017 ferre
257 950 394 1034 quidam
419 947 638 1035 praecipiunt,
665 947 719 1012 alii
747 968 821 1012 cum
848 967 965 1009 annum
996 943 1158 1028 conpleat,
1187 936 1270 1003 Cato

143 1051 340 1118 crassiorem
361 1050 505 1136 quinque
519 1049 642 1136 digitis.
662 1048 738 1114 Non
760 1047 922 1113 omisisset
942 1045 1039 1123 idem,
1063 1043 1089 1107 si
1111 1041 1270 1118 attineret,

143 1151 359 1217 meridianam
392 1150 473 1217 caeli
501 1162 626 1235 partem
655 1150 784 1236 signare
810 1149 843 1212 in
873 1147 1007 1225 cortice,
1037 1155 1073 1210 ut
1100 1143 1271 1207 translatae

143 1251 263 1317 iisdem
286 1261 319 1317 et
339 1251 485 1318 adsuetis
508 1262 722 1317 statuerentur
740 1250 816 1328 oris,
837 1272 880 1313 ne
895 1246 1073 1332 aquiloniae
1087 1240 1272 1309 meridianis

145 1352 318 1439 oppositae
344 1352 466 1418 solibus
491 1352 691 1417 finderentur
716 1362 748 1415 et
769 1351 914 1437 algerent
934 1348 1127 1413 meridianae
1149 1343 1272 1428 aquilo·

145 1451 387 1535 nibus..Quod
408 1454 577 1520 ediverso
599 1454 762 1519 adfectant
782 1452 880 1519 etiam
901 1450 1032 1534 quidam
1052 1449 1086 1511 in
1108 1445 1173 1510 vite
1194 1443 1273 1507 fico·
1285 1464 1318 1509 st

146 1575 229 1638 que,
262 1564 485 1640 permutantes
512 1555 546 1619 in
575 1555 784 1630 contrarium
818 1552 985 1618 densiores
1014 1549 1100 1614 enim
1126 1545 1203 1609 lolio
1228 1542 1274 1607 ita

146 1654 218 1719 lieri
245 1655 417 1742 magisque
442 1665 613 1742 protegere
639 1657 778 1721 fructum
806 1664 838 1718 et
866 1652 972 1718 minus
994 1649 1139 1714 amittere
1160 1645 1274 1710 ficum·

147 1778 214 1841 que
238 1755 286 1821 sie
308 1757 406 1822 etiarn
428 1754 597 1823 scansilem
618 1742 696 1821 fieri.
725 1754 877 1839 Plerique
898 1753 932 1817 id
954 1752 1082 1817 demum
1104 1755 1219 1814 cavent
1239 1754 1277 1808 ut

147 1858 251 1943 plaga
278 1857 425 1943 deputati
458 1857 631 1923 cacuminis
657 1855 824 1921 meridiem
853 1863 991 1940 spectet,
1020 1848 1125 1939 ignari
1151 1844 1276 1912 fissuris

148 1957 243 2022 nimii
264 1957 397 2043 vaporis
418 1959 548 2043 opponi.
574 1957 615 2022 Id
636 1956 766 2041 quidem
787 1955 820 2021 in
841 1954 952 2020 horam
973 1954 1036 2017 diei
1059 1951 1204 2036 quintam
1225 1946 1277 2013 vol

148 2069 302 2124 octavam
330 2068 477 2144 spectare
499 2058 672 2123 maluerim.
709 2056 824 2141 Aeque
844 2057 922 2121 latet
949 2078 1014 2120 non
1039 2048 1276 2138 neglegendum
1289 2069 1322 2115 aa

149 2184 193 2226 ne
214 2160 344 2225 radices
363 2181 456 2225 mora
476 2161 657 2226 inarescant
677 2182 758 2225 neve
780 2181 800 2223 a
822 2156 1092 2245 septentrionibus
1113 2167 1169 2219 aut
1183 2151 1223 2218 ab
1238 2174 1278 2217 ea

149 2271 246 2347 purte
272 2261 355 2326 caeli
381 2283 485 2346 usque
513 2262 555 2325 ad
582 2272 727 2326 exortum
753 2259 930 2325 brumalem
957 2268 1053 2325 vento
1080 2256 1175 2320 flante
1197 2254 1277 2319 effo-

149 2362 285 2427 diantur
314 2361 446 2427 arbores
473 2375 530 2426 aut
559 2374 643 2427 certe
669 2384 733 2426 non
763 2362 916 2427 adversae
943 2360 993 2425 his
1023 2358 1126 2425 ventis
1154 2355 1279 2421 radices

151 2460 388 2546 praebeantur,
416 2462 654 2548 propterquod
675 2462 886 2539 emoriuntur,
908 2461 1031 2546 ignaris
1053 2480 1168 2525 causae
1190 2455 1278 2542 agri·

151 2635 303 2685 damnanda
317 2643 414 2701 putem,
431 2644 460 2687 ut
476 2651 596 2701 magnam
612 2637 655 2686 hic
670 2638 789 2688 lacunam
800 2651 951 2699 agnoscam
967 2636 1043 2698 plura
1059 2636 1207 2684 exciderunt
1218 2638 1279 2685 ante

151 2702 236 2766 ipsam
248 2716 341 2752 vocem
352 2700 454 2764 Excide,
466 2718 532 2767 quas
543 2704 627 2754 Plinio
639 2705 706 2752 viam
719 2704 863 2752 munierunt
874 2704 906 2752 ad
917 2704 1002 2751 iocum
1013 2702 1108 2765 Papirii
1117 2701 1278 2751 narrandum

152 2810 187 2819 ..
204 2767 321 2831 radicum,
332 2768 419 2832 aequit,
430 2773 476 2821 ad.
492 2770 576 2834 inquit,
589 2768 703 2832 radicata,
715 2766 766 2833 βγ.
778 2810 809 2820 ..
822 2785 914 2818 cccmus
925 2768 1000 2818 iussit.
1012 2767 1066 2829 Est,
1077 2769 1157 2819 Hand.
1175 2767 1279 2817 seuerius

152 2851 178 2884 se
191 2836 252 2897 ἰαστί,
266 2840 313 2887 ad.
339 2837 445 2887 samaias
460 2840 486 2886 'ae
503 2846 564 2896 teste,
575 2833 606 2900 β.
633 2836 746 2905 duniaci
754 2838 866 2899 securim,
877 2835 921 2885 sed
931 2844 955 2884 et
965 2836 1054 2895 innox„
1064 2837 1135 2900 Lips.
1159 2835 1279 2886 Ceterum

151 2904 228 2954 Broc
240 2910 301 2968 post
311 2904 443 2964 Huetimn,
455 2906 496 2954 cui
509 2906 586 2955 etiam
597 2913 653 2955 tota
664 2906 728 2956 baec
740 2907 883 2955 emendatio
896 2906 979 2955 deberi
988 2905 1096 2964 videtur,
1106 2905 1182 2953 verba
1191 2900 1226 2951 ad
1233 2910 1279 2951 ter-

151 2986 233 3023 ram
244 2970 293 3021 Pr,
300 2972 424 3035 praeturis
433 2981 501 3022 mete
512 2974 545 3021 ad
557 2975 689 3036 sequentia
698 2975 792 3033 retulit,
804 2988 862 3023 cnm
874 2974 953 3024 Hard.
965 2971 1149 3038 postpraeturr's
1157 2972 1233 3037 plene
1240 2972 1280 3024 iu-

153 3039 336 3103 terpunxissa
350 3079 381 3089 ..
400 3038 494 3101 abradi,
506 3043 529 3091 d.
547 3038 644 3099 adradi,
660 3034 725 3094 dar.
738 3083 769 3090 -
792 3040 884 3104 Testae,
896 3043 968 3093 Tad.
987 3049 1059 3098 terra,
1072 3036 1093 3103 β
1105 3042 1138 3091 ad
1150 3040 1281 3104 superiora

152 3104 274 3156 sciemus.
292 3106 327 3155 V.
341 3104 440 3169 Vergil.
452 3121 539 3170 georg.
552 3112 575 3168 2,
589 3114 647 3159 848.
670 3149 702 3157 ..
730 3107 773 3169 vel,
786 3124 834 3172 ego
846 3109 947 3169 inserui,
960 3124 1018 3158 cum
1030 3107 1109 3171 alqui
1119 3109 1198 3158 semel
1210 3107 1279 3171 posi·

153 3182 209 3222 tum
222 3187 277 3222 non
289 3188 336 3238 pro
348 3171 460 3236 aliqui-
468 3173 545 3236 aliqui
555 3176 604 3224 dici
615 3177 707 3238 possit3
724 3177 817 3226 excidit
829 3178 973 3225 coniunctio
985 3192 1030 3239 per
1040 3178 1138 3225 litteras
1149 3173 1184 3222 ull
1194 3176 1280 3239 proxi.

153 3255 213 3289 mae
224 3248 252 3289 et
262 3241 392 3303 sequentis
404 3242 482 3290 vocis.
497 3282 528 3290 -
546 3241 589 3304 qui
598 3241 664 3290 laud
674 3243 815 3303 contineant,
826 3244 916 3293 Dalec.
930 3252 956 3293 et
965 3243 1086 3293 Schneid.
1098 3245 1131 3291 ad
1139 3243 1277 3297 uolumen

152 3307 205 3356 III.
216 3312 259 3369 aa,
267 3313 301 3368 8.,
310 3308 441 3370 Theophr.
452 3309 483 3357 de
493 3323 560 3358 cans.
571 3310 651 3372 plant.
664 3309 712 3357 III.
727 3316 749 3370 6,
764 3317 786 3359 5.
804 3311 842 3360 At
850 3312 894 3374 qni
901 3312 978 3360 rerba
987 3311 1147 3361 columellae
1157 3313 1188 3360 de
1199 3312 1281 3367 arbor.

153 3381 178 3434 t,
192 3379 217 3424 5.
229 3376 373 3425 accuratius
384 3376 530 3438 inspexerit,
546 3377 639 3426 videbit
650 3378 762 3426 Plinium
778 3378 853 3427 huius
865 3379 1015 3428 sententiam
1026 3378 1053 3426 in
1064 3379 1164 3428 brevius
1180 3388 1280 3430 canna

153 3442 234 3502 xisse,
249 3449 281 3491 nt
295 3444 328 3492 ad
345 3440 480 3490 matiacaat
495 3458 588 3492 nomen
600 3442 679 3502 bieme,
696 3447 727 3493 ad
741 3444 903 3493 aaamittaat
916 3461 1010 3495 nomen
1021 3452 1112 3494 aestate
1123 3447 1279 3510 suppleatur.

155 3548 187 3558 ..
208 3524 256 3557 aaa
267 3516 347 3557 autea
353 3507 428 3573 platee
439 3509 523 3571 iacere
536 3509 577 3558 lios
588 3526 605 3558 a
617 3518 714 3572 terreno,
725 3512 813 3562 Dalec.
833 3553 863 3560 ..
880 3511 968 3577 pluria,
981 3514 1005 3562 d.

188 3604 260 3666 §db
289 3600 463 3663 auresinae.
489 3603 622 3666 anassem,
635 3600 705 3667 ἀβγ.
730 3645 761 3652 -
785 3619 879 3664 anuum,
893 3607 917 3654 d.
939 3621 1042 3666 reanum,
1054 3622 1077 3655 a.
1101 3647 1132 3655 ..
1158 3604 1281 3669 compleat,

153 3670 232 3718 Tad.
250 3666 358 3732 impleat,
369 3663 420 3732 βγ.
437 3709 459 3716 -
488 3666 546 3718 Cato
558 3673 589 3720 de
600 3686 627 3720 rc
639 3680 699 3720 rust.
712 3677 753 3732 28,
766 3677 789 3720 2.
807 3713 837 3721 -
856 3671 974 3733 attineret,
986 3675 1059 3723 codd.
1073 3673 1129 3724 Gel.
1147 3672 1282 3733 emanuel,

154 3737 253 3785 ad...
274 3734 416 3796 translatae,
428 3736 464 3786 ita
476 3752 523 3787 nos
535 3738 689 3801 scripsimus.
708 3737 850 3795 oculata
870 3739 1000 3799 cunctata,
1012 3742 1065 3793 Τὰ.
1090 3738 1219 3799 transuta,
1230 3734 1282 3804 βγ.

154 3803 259 3866 Ubique
271 3804 296 3852 h.
310 3804 328 3852 L
342 3818 461 3853 numerus
472 3804 577 3867 pluralis
589 3807 698 3868 ponitur,
715 3807 758 3868 qui
770 3815 795 3856 et
806 3805 872 3856 infra
887 3823 932 3871 per
943 3808 1056 3857 codicem
1068 3808 1091 3856 Τ
1103 3803 1283 3868 (statuerentur)

153 3873 359 3921 commendatur.
372 3911 404 3920 -
424 3869 513 3931 indari,
526 3872 558 3920 T.
576 3871 656 3931 adem,
669 3889 692 3922 a.
711 3870 807 3932 tndem,
817 3877 840 3925 d.
859 3874 883 3923 in
892 3873 982 3934 iudea,
991 3870 1041 3936 βγ.
1055 3912 1085 3921 ..
1105 3879 1135 3931 et,
1144 3888 1167 3921 a.
1187 3873 1220 3933 ia,
1229 3874 1283 3924 Τὰ.

156 3978 188 3989 ..
206 3944 378 3998 statuerentur,
389 3938 420 3987 Τ.
438 3946 588 4000 statueretur,
600 3934 692 4003 adfiy.
712 3981 743 3990 ...
762 3941 818 4002 oris,
830 3942 884 3991 Ta.
903 3941 976 4001 loru,
989 3935 1060 4001 dssr.

189 4028 205 4091 ξ
219 4036 261 4081 84.
294 4027 400 4086 Quidam
411 4029 613 4093 iuuaresfiyunq
626 4031 650 4079 ia
662 4031 708 4079 uite
720 4041 791 4095 atque
802 4033 937 4094 etramfico,
947 4035 1115 4105 permutatus,
1128 4029 1219 4081 Dulce.
1242 4033 1284 4082 De

154 4113 183 4147 rc
194 4113 219 4147 v.
231 4097 368 4160 Theophr.
382 4098 440 4147 hist
452 4099 532 4162 plant.
545 4098 580 4148 11.
593 4104 616 4158 6,
632 4105 670 4148 tl.
691 4141 720 4148 ..
740 4099 851 4148 ἀεηείονα
862 4095 1002 4160 euinisolia
1013 4109 1032 4142 r.
1046 4133 1077 4141 ..
1088 4093 1204 4161 ficumue,
1215 4118 1239 4151 a.
1253 4141 1284 4150 ..

154 4163 293 4225 censalem,
305 4165 352 4213 ad.
363 4164 480 4226 futilem,
491 4167 524 4215 K.
544 4204 571 4212 -
594 4165 681 4227 lauari,
691 4184 713 4216 a.
732 4166 756 4214 ia
768 4167 855 4230 tyran,
868 4168 892 4215 d.

190 4250 206 4315 5
220 4256 263 4301 85.
291 4266 315 4312 a,
328 4265 379 4299 orn.
391 4252 415 4299 d.
429 4291 459 4299 ..
478 4247 702 4313 septentrionaltbua,
715 4253 751 4300 a'.
767 4290 791 4299 -
814 4252 931 4307 emersae,
943 4247 976 4296 Κ.
990 4285 1020 4293 .-
1034 4241 1077 4303 lit,
1091 4245 1144 4298 Ta.
1163 4251 1200 4315 iia,
1214 4250 1285 4316 ᾱβγ.
