2896 4792
200 308 264 373 820
549 318 756 367 usruaams
778 319 973 403 ursroarsn

201 478 286 553 dam,
310 473 421 537 tritum
440 471 467 536 si
481 470 643 558 operiatur
656 470 776 556 lapide,
798 470 995 558 scorpionem
1010 470 1155 556 gignere,
1170 491 1332 537 conman-

198 577 352 640 ducatum
373 573 460 638 etin
482 574 548 637 sole
570 571 712 656 positum
733 572 867 648 vermis3
899 572 973 636 Afri
995 590 1083 649 vero,
1107 572 1134 635 si
1151 593 1189 636 eo
1203 572 1258 638 die
1274 573 1329 638 fe·
1349 589 1399 635 120

199 677 301 741 riatur
329 673 489 759 quispiam
516 694 535 735 a
557 671 723 758 scorpione
751 693 816 757 quo
845 671 946 736 ederit
967 671 1114 749 ocimum,
1141 694 1204 737 non
1225 666 1331 758 posse

200 774 330 841 servari.
355 772 444 855 Quin
465 773 562 838 immo
584 772 715 838 tradunt
736 771 833 856 aliqui
854 772 1017 857 manipulo
1037 772 1132 838 ocimi
1151 795 1225 838 cum
1246 795 1330 839 can·

199 878 263 942 cris
282 876 394 941 decem
414 874 545 939 marinis
559 874 612 940 vel
631 873 840 940 fluviatilibus
855 874 930 939 trito
944 874 1113 940 convenire
1128 873 1217 939 adid
1233 896 1329 940 scor-

198 979 312 1067 piones
334 998 374 1054 err
395 962 552 1062 proxumo
573 975 694 1053 omnis3
724 974 886 1040 Diodotus
906 974 941 1038 in
963 973 1123 1060 empiricis
1145 974 1243 1040 etiam
1264 995 1329 1061 pc·

197 1080 322 1145 diculos
351 1077 456 1142 facere
482 1075 576 1142 ocimi
604 1075 720 1142 cibum.
751 1072 871 1140 Secuta
898 1085 988 1142 aetas
1016 1075 1129 1139 acriter
1156 1074 1393 1155 defendit3121

198 1203 272 1245 nam
294 1178 328 1243 id
351 1198 423 1242 esse
446 1199 575 1262 capras,
603 1198 664 1242 nec
685 1175 835 1260 cuiquam
856 1186 995 1241 mentem
1018 1186 1154 1254 motam,
1178 1186 1209 1241 et
1232 1199 1332 1243 scor·

197 1282 330 1368 pionum
350 1278 547 1344 terrestrium
567 1277 685 1344 ictibus
707 1277 968 1361 marinorumque
990 1277 1123 1341 venenis
1144 1277 1266 1342 mederi
1282 1301 1328 1343 ex

199 1381 291 1457 vino,
312 1379 424 1444 addito
445 1378 530 1444 aceti
553 1379 682 1464 exiguo.
711 1377 787 1443 Usu
809 1399 937 1461 quoque
959 1389 1149 1463 conpertum
1171 1377 1325 1444 deficien-

198 1482 284 1548 tibus
312 1503 354 1546 ex
380 1491 471 1546 aceto
497 1478 632 1545 odoratu
668 1479 807 1544 salutare
842 1500 929 1557 csse,
966 1479 1043 1543 item
1074 1478 1261 1565 lethargicis
1290 1490 1327 1545 et

195 1580 411 1659 inflammatis,
434 1579 688 1668 refrigerationi,
710 1579 836 1643 inlitum
858 1579 973 1666 capitis
996 1579 1159 1646 doloribus
1180 1601 1254 1644 cum
1268 1601 1325 1645 ro·

197 1706 290 1749 sacco
312 1692 369 1748 aut
389 1693 513 1766 myrteo
540 1690 597 1747 aut
617 1691 707 1746 aceto
714 1709 731 1759 ,¹
752 1681 828 1745 item
856 1681 1021 1745 oculorum
1042 1680 1206 1767 epiphoris
1227 1680 1325 1767 inpo·

197 1786 294 1851 situm
323 1807 365 1850 ex
392 1783 476 1847 vino.
517 1780 690 1847 Stomacho
711 1803 840 1865 quoque
861 1781 939 1847 utile
965 1782 1148 1847 inflationcs
1159 1794 1262 1847 ructu
1281 1804 1326 1847 ex
1342 1798 1392 1843 122

196 1896 286 1953 aceto
308 1883 480 1950 dissolvere
502 1895 684 1970 sumptum,
717 1885 822 1948 alvom
846 1882 959 1947 sistere
982 1882 1173 1970 inpositum,
1195 1883 1326 1948 urinam

196 1988 299 2062 ciere,
322 1985 368 2049 sic
390 1993 422 2048 et
443 1983 555 2050 morbo
577 1983 667 2070 regio
689 1995 723 2049 et
742 1983 928 2068 hydropicis
943 1983 1109 2068 prodesse,
1132 1985 1228 2049 etiam
1244 1986 1325 2052 cho-

196 2086 288 2161 leris,
317 2084 546 2148 destillationes
576 2083 729 2148 stomachi
750 2083 898 2148 inhiberi.
927 2083 1019 2171 Ergo
1047 2084 1144 2149 etiarn
1172 2084 1325 2150 coeliacis

196 2186 345 2252 Philistio
368 2184 472 2263 dedit,
501 2195 534 2250 ct
562 2196 689 2250 coctum
716 2184 938 2268 dysintericis,
974 2195 1006 2250 et
1033 2197 1143 2250 contra
1169 2184 1325 2250 Plistoni-

198 2310 273 2353 cum
293 2285 392 2369 aliqui
407 2295 440 2351 et
460 2285 494 2350 in
517 2298 658 2351 tenesmo
679 2296 710 2350 et
727 2286 915 2371 sanguinem
931 2287 1171 2351 exscreantibus
1185 2286 1219 2350 in
1234 2285 1326 2364 vino,

199 2387 317 2453 duritia
327 2408 454 2471 quoque
464 2387 736 2472 praecordiorum.
757 2384 909 2450 Inlinitur
922 2388 1069 2452 mammis
1084 2386 1327 2471 exstinguitque
1343 2401 1394 2446 tas

197 2488 290 2555 lactis
301 2498 500 2573 proventum,
512 2487 859 2554 auribusutilissimum
869 2486 1051 2566 infantium,
1064 2487 1236 2574 praecipue
1248 2509 1327 2552 cum

199 2590 295 2676 adipe
309 2590 466 2655 anserino.
492 2587 612 2655 Semen
625 2588 736 2653 tritum
751 2598 784 2654 et
798 2587 947 2653 haustum
959 2587 1089 2653 naribus
1103 2598 1328 2657 sternumenta

199 2698 306 2754 movet
327 2700 360 2754 et
381 2690 608 2756 destillationes
629 2711 757 2774 quoque
779 2688 875 2775 capiti
897 2689 1039 2768 inlitum,
1074 2690 1182 2754 volvas
1203 2699 1327 2776 purgat

198 2791 233 2855 in
249 2791 321 2857 cibo
339 2813 378 2856 ex
390 2801 490 2857 aceto.
507 2790 671 2857 Verrucas
683 2790 784 2855 mixto
800 2800 975 2856 atramento
988 2791 1106 2856 sutorio
1119 2790 1208 2867 tollit,
1223 2795 1325 2855 vene'-

233 2930 307 2996 pr'qm',
320 2934 344 2982 d.
363 2972 395 2982 ..
413 2947 510 2993 cama,
522 2930 594 2982 Tad.
613 2945 702 2980 names
712 2931 810 2994 affare,
822 2926 851 2990 β.

235 3002 320 3063 5120.
346 2997 415 3062 Afri,
432 3003 470 3050 ad
485 2999 570 3060 (codd.
584 2997 654 3063 Gal.)
680 2996 732 3060 alii,
749 3015 768 3048 r.
796 2996 932 3062 affirmarit,
948 2997 979 3047 Τ.
1004 3036 1035 3046 ..
1061 3013 1086 3057 c,
1103 3012 1154 3045 om.
1168 2997 1191 3045 d.
1221 3035 1243 3043 -
1275 3011 1325 3045 non

199 3082 269 3130 posse
279 3065 381 3117 servari.
393 3068 437 3115 ad.
464 3066 557 3114 savari
567 3083 613 3115 non
622 3082 699 3130 posse,
712 3067 785 3116 codd.
798 3065 854 3116 Gal.
866 3059 917 3129 βγ.
935 3063 1028 3121 sanari,
1040 3079 1059 3112 r.
1078 3058 1184 3124 Λίβυες
1193 3059 1226 3110 δὲ
1238 3077 1323 3126 προσ-

202 3127 353 3196 celticam,
373 3127 414 3180 ὅτι
430 3127 457 3179 οἱ
473 3128 609 3197 φαγόντες
624 3130 691 3182 αὐτὸ
709 3129 755 3181 καὶ
766 3127 916 3199 πληγέντες
926 3128 976 3180 ὑπὸ
989 3127 1119 3195 σκορπίου
1132 3124 1250 3178 demoror
1263 3127 1323 3178 dta-

202 3195 330 3258 τίθενται,
343 3199 460 3278 pioscor.
473 3205 496 3262 2,
512 3203 567 3250 1⁷0.
586 3242 617 3251 -
636 3200 771 3280 radantur,
784 3217 807 3250 a.
824 3240 856 3249 ..
874 3192 1005 3280 ffiss'l'd.
1024 3206 1053 3276 ct,
1066 3214 1089 3247 a⁴
1106 3215 1130 3260 a,
1142 3193 1171 3258 β.
1186 3238 1216 3246 ..
1234 3213 1324 3276 omnes,

201 3265 274 3315 Tad.
293 3266 381 3317 Omrtt.
392 3262 471 3320 Hard.
484 3276 510 3317 et
520 3282 538 3332 γ
549 3283 689 3333 operarum,
701 3277 730 3319 nt
742 3270 846 3329 mdetur,
858 3275 930 3317 rrtro.
948 3307 979 3315 -
997 3264 1125 3326 Dwdctcs,
1135 3267 1240 3316 Barbas.
1258 3265 1323 3315 Dro-

202 3327 436 3464 hillidio}
452 3335 667 3466 imdiii’ciili‘
680 3333 995 3452 itltt·tt¹'²'”'⁶‘⁶tt
1012 3333 1178 3450 maa.
1191 3399 1325 3449 mmet,

202 3483 274 3531 qaam
284 3436 385 3516 mentm
397 3439 536 3532 cadratam,
552 3441 586 3531 li,
602 3420 938 3536 qnouhrobat'schhcu-er.
956 3437 1118 3520 adliicahdr.
1131 3443 1198 3517 sffex.
1213 3472 1269 3518 186.
1289 3508 1322 3517 ..

202 3542 296 3665 νιέῑὲνν,
308 3537 526 3655 αᾶ.οῗ1νέι,νὲιὲη,8’1ὲ
544 3540 727 3669 qadsqrtqrs'ulplfi.
748 3535 957 3601 mcls'yacramqac,
970 3537 994 3585 d.
1017 3577 1048 3585 -
1076 3535 1144 3595 aceti,
1160 3528 1217 3585 OT.
1245 3542 1323 3598 aceto,

202 3617 485 3735 asiiaffinflationh,
496 3689 516 3723 r.
535 3715 566 3723 -
589 3642 751 3734 ncctu‚’Tad.
773 3676 871 3730 ructum,
883 3685 903 3718 r.
926 3676 949 3717 ct
960 3677 1059 3732 metam,
1070 3664 1122 3734 βγ.
1142 3710 1173 3718 ..
1195 3665 1324 3717 dissolvere

202 3745 316 3816 acceto,
329 3739 382 3816 Td.
407 3779 438 3789 ..
461 3738 650 3819 ιήαννιοήοἱιενὶν,
666 3733 767 3790 orsu.
794 3737 865 3786 ctiam
876 3734 1005 3815 cholericis,
1017 3754 1037 3788 r.
1065 3735 1251 3815 cholcrcsecet,
1267 3731 1321 3800 βγ.

202 3800 1070 3936 a,
1092 3803 1263 3867 um·
1287 3845 1321 3854 -

236 3943 250 4004 5
270 3946 325 3991 12³.
351 3939 472 4006 haustam
494 3956 541 4007 pro
558 3943 585 3991 h.
601 3957 625 3992 v,
642 3944 704 3992 dant
723 3948 817 3991 auctam
833 3942 878 3990 ad.
902 3980 934 3989 -
960 3947 1130 4000 sternumenta,
1150 3955 1173 3989 a.
1199 3945 1321 3987 elmata-

201 4015 287 4067 mcnta,
300 4004 375 4123 ᾱβγθ
390 4050 422 4059 -
445 4017 529 4070 movet,
540 4025 591 4128 opu.
604 4011 628 4059 d.
647 4048 679 4059 ..
701 4008 795 4074 capitis,
811 4022 834 4056 a.
854 4047 885 4056 ..
903 4015 1043 4070 aucmento,
1060 4010 1127 4059 Plin.
1140 4008 1227 4057 Valer.
1241 4013 1264 4066 4,
1278 4013 1321 4057 21.

200 4083 557 4270 “guillio’cotilrdhdritdiloh
573 4113 776 4205 'mussantes
789 4145 813 4193 d.
837 4185 868 4192 ..
895 4113 1045 4207 comicisque,
1059 4136 1137 4193 &Ta
1164 4140 1322 4204 voms’casque,

200 4208 217 4257 d
245 4246 251 4259 .
274 4249 306 4259 ...
328 4210 549 4261 mactationem
561 4209 739 4260 macerino
750 4208 833 4261 radice
844 4210 1020 4276 ffeacs‘ssimc,
1035 4203 1091 4261 θΤ.
1119 4208 1244 4258 bestiarum
1256 4225 1320 4256 mon-

199 4291 260 4326 eare
271 4276 326 4326 vino
336 4274 418 4326 rads'ce
429 4278 602 4343 efficacs'ass'mc,
614 4279 659 4329 ad.
678 4277 802 4328 lutrarum
813 4278 904 4329 morati
911 4276 993 4328 rads'ce
1002 4277 1175 4342 ςθῖωώείννα,
1186 4293 1206 4327 r.
1224 4283 1321 4324 conac-
