<?xml version="1.0" encoding="UTF-8"?>
<!DOCTYPE html PUBLIC "-//W3C//DTD XHTML 1.0 Transitional//EN"
    "http://www.w3.org/TR/xhtml1/DTD/xhtml1-transitional.dtd">
<html xmlns="http://www.w3.org/1999/xhtml" xml:lang="en" lang="en">
 <head>
  <title>
</title>
<meta http-equiv="Content-Type" content="text/html;charset=utf-8" />
  <meta name='ocr-system' content='tesseract 3.04.00' />
  <meta name='ocr-capabilities' content='ocr_page ocr_carea ocr_par ocr_line ocrx_word'/>
</head>
<body>
  <div class='ocr_page' id='page_1' title='image "./cplinisecundina11plingoog_0246.png"; bbox 0 0 2896 4792; ppageno 0'>
   <div class='ocr_carea' id='block_1_1' title="bbox 427 279 1246 346">
    <p class='ocr_par' dir='ltr' id='par_1_1' title="bbox 427 279 1246 346">
     <span class='ocr_line' id='line_1_1' title="bbox 427 279 1246 346; baseline 0 -2"><span class='ocrx_word' id='word_1_1' title='bbox 427 299 497 345; x_wconf 84' lang='lat' dir='ltr'><strong>nra.</strong></span> <span class='ocrx_word' id='word_1_2' title='bbox 512 298 587 346; x_wconf 80' lang='lat' dir='ltr'><strong>xm.</strong></span> <span class='ocrx_word' id='word_1_3' title='bbox 616 297 694 346; x_wconf 77' lang='lat' dir='ltr'><strong>oar.</strong></span> <span class='ocrx_word' id='word_1_4' title='bbox 710 298 734 344; x_wconf 91' lang='lat'><strong>1.</strong></span> <span class='ocrx_word' id='word_1_5' title='bbox 764 296 861 344; x_wconf 85' lang='lat' dir='ltr'><strong>snor.</strong></span> <span class='ocrx_word' id='word_1_6' title='bbox 877 298 935 340; x_wconf 72' lang='grc'><strong>4-6.</strong></span> <span class='ocrx_word' id='word_1_7' title='bbox 1184 279 1246 345; x_wconf 72' lang='grc'><strong>239</strong></span> 
     </span>
    </p>
   </div>
   <div class='ocr_carea' id='block_1_2' title="bbox 17 444 1295 2055">
    <p class='ocr_par' dir='ltr' id='par_1_2' title="bbox 17 444 1295 2055">
     <span class='ocr_line' id='line_1_2' title="bbox 125 444 1248 536; baseline -0.004 -19"><span class='ocrx_word' id='word_1_8' title='bbox 125 449 211 518; x_wconf 90' lang='lat' dir='ltr'><strong>tulus</strong></span> <span class='ocrx_word' id='word_1_9' title='bbox 246 449 400 536; x_wconf 81' lang='lat' dir='ltr'>Spinther</span> <span class='ocrx_word' id='word_1_10' title='bbox 432 449 675 536; x_wconf 82' lang='lat' dir='ltr'><strong>Apollinaribus</strong></span> <span class='ocrx_word' id='word_1_11' title='bbox 705 449 800 514; x_wconf 88' lang='lat' dir='ltr'><strong>ludis.</strong></span> <span class='ocrx_word' id='word_1_12' title='bbox 844 446 925 513; x_wconf 87' lang='lat' dir='ltr'><strong>Mox</strong></span> <span class='ocrx_word' id='word_1_13' title='bbox 958 444 1081 512; x_wconf 84' lang='lat' dir='ltr'><strong>Caesar</strong></span> <span class='ocrx_word' id='word_1_14' title='bbox 1112 447 1248 513; x_wconf 86' lang='lat' dir='ltr'><strong>dictator</strong></span> 
     </span>
     <span class='ocr_line' id='line_1_3' title="bbox 126 542 1248 634; baseline -0.003 -18"><span class='ocrx_word' id='word_1_15' title='bbox 126 564 229 618; x_wconf 91' lang='lat' dir='ltr'><strong>totum</strong></span> <span class='ocrx_word' id='word_1_16' title='bbox 250 551 355 617; x_wconf 86' lang='lat' dir='ltr'><strong>forum</strong></span> <span class='ocrx_word' id='word_1_17' title='bbox 376 551 555 616; x_wconf 90' lang='lat' dir='ltr'><strong>Romanum</strong></span> <span class='ocrx_word' id='word_1_18' title='bbox 576 551 690 615; x_wconf 87' lang='lat' dir='ltr'><strong>intexit</strong></span> <span class='ocrx_word' id='word_1_19' title='bbox 712 551 861 634; x_wconf 89' lang='lat' dir='ltr'><strong>viamque</strong></span> <span class='ocrx_word' id='word_1_20' title='bbox 884 572 1006 614; x_wconf 89' lang='lat' dir='ltr'><strong>sacram</strong></span> <span class='ocrx_word' id='word_1_21' title='bbox 1025 549 1066 615; x_wconf 91' lang='lat' dir='ltr'><strong>ab</strong></span> <span class='ocrx_word' id='word_1_22' title='bbox 1081 542 1174 614; x_wconf 89' lang='lat' dir='ltr'><strong>domo</strong></span> <span class='ocrx_word' id='word_1_23' title='bbox 1190 571 1248 614; x_wconf 91' lang='lat' dir='ltr'><strong>sua</strong></span> 
     </span>
     <span class='ocr_line' id='line_1_4' title="bbox 123 650 1248 738; baseline -0.005 -18"><span class='ocrx_word' id='word_1_24' title='bbox 123 665 156 720; x_wconf 91' lang='lat' dir='ltr'><strong>et</strong></span> <span class='ocrx_word' id='word_1_25' title='bbox 178 655 293 720; x_wconf 86' lang='lat' dir='ltr'><strong>clivom</strong></span> <span class='ocrx_word' id='word_1_26' title='bbox 315 675 417 737; x_wconf 92' lang='lat' dir='ltr'><strong>usque</strong></span> <span class='ocrx_word' id='word_1_27' title='bbox 438 653 471 716; x_wconf 90' lang='lat' dir='ltr'><strong>in</strong></span> <span class='ocrx_word' id='word_1_28' title='bbox 488 652 692 738; x_wconf 82' lang='lat' dir='ltr'><strong>Capitolium,</strong></span> <span class='ocrx_word' id='word_1_29' title='bbox 715 651 803 735; x_wconf 91' lang='lat' dir='ltr'><strong>quod</strong></span> <span class='ocrx_word' id='word_1_30' title='bbox 822 674 954 716; x_wconf 86' lang='lat' dir='ltr'><strong>munere</strong></span> <span class='ocrx_word' id='word_1_31' title='bbox 969 651 1041 737; x_wconf 92' lang='lat' dir='ltr'><strong>ipso</strong></span> <span class='ocrx_word' id='word_1_32' title='bbox 1055 650 1248 738; x_wconf 84' lang='lat' dir='ltr'><strong>gladiatorio</strong></span> 
     </span>
     <span class='ocr_line' id='line_1_5' title="bbox 122 751 1294 821; baseline -0.008 0"><span class='ocrx_word' id='word_1_33' title='bbox 122 755 300 821; x_wconf 90' lang='lat' dir='ltr'><strong>mirabilius</strong></span> <span class='ocrx_word' id='word_1_34' title='bbox 327 754 432 819; x_wconf 88' lang='lat' dir='ltr'><strong>visum</strong></span> <span class='ocrx_word' id='word_1_35' title='bbox 458 753 599 817; x_wconf 90' lang='lat' dir='ltr'><strong>tradunt.</strong></span> <span class='ocrx_word' id='word_1_36' title='bbox 646 751 773 817; x_wconf 86' lang='lat' dir='ltr'>Deinde</span> <span class='ocrx_word' id='word_1_37' title='bbox 803 763 836 816; x_wconf 94' lang='lat' dir='ltr'><strong>et</strong></span> <span class='ocrx_word' id='word_1_38' title='bbox 862 753 931 817; x_wconf 86' lang='lat' dir='ltr'><strong>sine</strong></span> <span class='ocrx_word' id='word_1_39' title='bbox 959 753 1044 818; x_wconf 92' lang='lat' dir='ltr'><strong>ludis</strong></span> <span class='ocrx_word' id='word_1_40' title='bbox 1074 751 1248 818; x_wconf 79' lang='lat' dir='ltr'>Marcellus</span> <span class='ocrx_word' id='word_1_41' title='bbox 1261 769 1294 815; x_wconf 74' lang='lat' dir='ltr'><strong>aa</strong></span> 
     </span>
     <span class='ocr_line' id='line_1_6' title="bbox 124 853 1248 942; baseline -0.003 -20"><span class='ocrx_word' id='word_1_42' title='bbox 124 855 264 923; x_wconf 88' lang='lat' dir='ltr'><strong>Octavia</strong></span> <span class='ocrx_word' id='word_1_43' title='bbox 284 856 429 942; x_wconf 78' lang='lat' dir='ltr'><strong>Augusti</strong></span> <span class='ocrx_word' id='word_1_44' title='bbox 451 876 559 920; x_wconf 90' lang='lat' dir='ltr'><strong>sorore</strong></span> <span class='ocrx_word' id='word_1_45' title='bbox 579 853 708 941; x_wconf 91' lang='lat' dir='ltr'><strong>genitus</strong></span> <span class='ocrx_word' id='word_1_46' title='bbox 721 853 756 917; x_wconf 91' lang='lat' dir='ltr'><strong>in</strong></span> <span class='ocrx_word' id='word_1_47' title='bbox 770 853 931 918; x_wconf 80' lang='lat' dir='ltr'><strong>aedilitate</strong></span> <span class='ocrx_word' id='word_1_48' title='bbox 946 876 1019 933; x_wconf 91' lang='lat' dir='ltr'><strong>sua,</strong></span> <span class='ocrx_word' id='word_1_49' title='bbox 1042 855 1197 919; x_wconf 86' lang='lat' dir='ltr'><strong>avonculo</strong></span> <span class='ocrx_word' id='word_1_50' title='bbox 1211 877 1248 919; x_wconf 80' lang='lat' dir='ltr'><strong>xl</strong></span> 
     </span>
     <span class='ocr_line' id='line_1_7' title="bbox 124 953 1250 1039; baseline -0.003 -16"><span class='ocrx_word' id='word_1_51' title='bbox 124 957 267 1036; x_wconf 89' lang='lat' dir='ltr'><strong>consule,</strong></span> <span class='ocrx_word' id='word_1_52' title='bbox 290 980 319 1021; x_wconf 92' lang='lat' dir='ltr'><strong>a.</strong></span> <span class='ocrx_word' id='word_1_53' title='bbox 343 956 374 1020; x_wconf 82' lang='lat' dir='ltr'><strong>d.</strong></span> <span class='ocrx_word' id='word_1_54' title='bbox 391 955 564 1021; x_wconf 86' lang='lat' dir='ltr'><strong>..kalend</strong></span> <span class='ocrx_word' id='word_1_55' title='bbox 589 954 732 1039; x_wconf 78' lang='lat' dir='ltr'><strong>Augusti</strong></span> <span class='ocrx_word' id='word_1_56' title='bbox 754 953 836 1019; x_wconf 89' lang='lat' dir='ltr'><strong>velis</strong></span> <span class='ocrx_word' id='word_1_57' title='bbox 858 954 963 1020; x_wconf 89' lang='lat' dir='ltr'><strong>forum</strong></span> <span class='ocrx_word' id='word_1_58' title='bbox 984 955 1190 1033; x_wconf 84' lang='lat' dir='ltr'><strong>inumbravit,</strong></span> <span class='ocrx_word' id='word_1_59' title='bbox 1212 966 1250 1021; x_wconf 91' lang='lat' dir='ltr'><strong>ut</strong></span> 
     </span>
     <span class='ocr_line' id='line_1_8' title="bbox 124 1055 1249 1142; baseline 0 -18"><span class='ocrx_word' id='word_1_60' title='bbox 124 1057 284 1135; x_wconf 84' lang='lat' dir='ltr'><strong>salubrius</strong></span> <span class='ocrx_word' id='word_1_61' title='bbox 309 1056 474 1142; x_wconf 85' lang='lat' dir='ltr'><strong>litigantes</strong></span> <span class='ocrx_word' id='word_1_62' title='bbox 501 1055 732 1132; x_wconf 84' lang='lat' dir='ltr'><strong>consisterent,</strong></span> <span class='ocrx_word' id='word_1_63' title='bbox 764 1065 920 1138; x_wconf 91' lang='lat' dir='ltr'><strong>quantum</strong></span> <span class='ocrx_word' id='word_1_64' title='bbox 947 1055 1081 1120; x_wconf 90' lang='lat' dir='ltr'><strong>mutatis</strong></span> <span class='ocrx_word' id='word_1_65' title='bbox 1107 1056 1249 1124; x_wconf 84' lang='lat' dir='ltr'><strong>moribus</strong></span> 
     </span>
     <span class='ocr_line' id='line_1_9' title="bbox 44 1156 1250 1241; baseline -0.002 -15"><span class='ocrx_word' id='word_1_66' title='bbox 44 1226 50 1235; x_wconf 72' lang='grc'><em>,</em></span> <span class='ocrx_word' id='word_1_67' title='bbox 124 1158 260 1226; x_wconf 87' lang='lat' dir='ltr'><strong>Catonis</strong></span> <span class='ocrx_word' id='word_1_68' title='bbox 290 1156 428 1224; x_wconf 91' lang='lat' dir='ltr'><strong>censorii</strong></span> <span class='ocrx_word' id='word_1_69' title='bbox 461 1158 515 1241; x_wconf 93' lang='lat' dir='ltr'><strong>qui</strong></span> <span class='ocrx_word' id='word_1_70' title='bbox 548 1156 755 1221; x_wconf 90' lang='lat' dir='ltr'><strong>sternendum</strong></span> <span class='ocrx_word' id='word_1_71' title='bbox 785 1178 914 1240; x_wconf 89' lang='lat' dir='ltr'><strong>quoque</strong></span> <span class='ocrx_word' id='word_1_72' title='bbox 941 1156 1046 1222; x_wconf 88' lang='lat' dir='ltr'><strong>fomrn</strong></span> <span class='ocrx_word' id='word_1_73' title='bbox 1073 1157 1250 1223; x_wconf 80' lang='lat' dir='ltr'><strong>muricibus</strong></span> 
     </span>
     <span class='ocr_line' id='line_1_10' title="bbox 124 1257 1295 1345; baseline -0.005 -19"><span class='ocrx_word' id='word_1_74' title='bbox 124 1270 302 1327; x_wconf 89' lang='lat' dir='ltr'><strong>censuerat.</strong></span> <span class='ocrx_word' id='word_1_75' title='bbox 335 1259 417 1325; x_wconf 88' lang='lat' dir='ltr'><strong>Vela</strong></span> <span class='ocrx_word' id='word_1_76' title='bbox 438 1281 541 1345; x_wconf 89' lang='lat' dir='ltr'><strong>nuper</strong></span> <span class='ocrx_word' id='word_1_77' title='bbox 563 1268 595 1323; x_wconf 93' lang='lat' dir='ltr'><strong>et</strong></span> <span class='ocrx_word' id='word_1_78' title='bbox 616 1257 720 1324; x_wconf 88' lang='lat' dir='ltr'><strong>colore</strong></span> <span class='ocrx_word' id='word_1_79' title='bbox 743 1258 839 1334; x_wconf 87' lang='lat' dir='ltr'><strong>caeli,</strong></span> <span class='ocrx_word' id='word_1_80' title='bbox 862 1257 1003 1337; x_wconf 87' lang='lat' dir='ltr'><strong>stellata,</strong></span> <span class='ocrx_word' id='word_1_81' title='bbox 1025 1281 1085 1344; x_wconf 90' lang='lat' dir='ltr'><strong>per</strong></span> <span class='ocrx_word' id='word_1_82' title='bbox 1105 1259 1250 1324; x_wconf 90' lang='lat' dir='ltr'><strong>rudentis</strong></span> <span class='ocrx_word' id='word_1_83' title='bbox 1263 1276 1295 1321; x_wconf 82' lang='lat' dir='ltr'><strong>as</strong></span> 
     </span>
     <span class='ocr_line' id='line_1_11' title="bbox 17 1358 1250 1449; baseline -0.004 -20"><span class='ocrx_word' id='word_1_84' title='bbox 17 1435 26 1449; x_wconf 57' lang='grc'><em>,</em></span> <span class='ocrx_word' id='word_1_85' title='bbox 127 1372 244 1429; x_wconf 89' lang='lat' dir='ltr'><strong>stetere</strong></span> <span class='ocrx_word' id='word_1_86' title='bbox 266 1362 362 1427; x_wconf 89' lang='lat' dir='ltr'><strong>etiam</strong></span> <span class='ocrx_word' id='word_1_87' title='bbox 382 1361 416 1424; x_wconf 92' lang='lat' dir='ltr'><strong>in</strong></span> <span class='ocrx_word' id='word_1_88' title='bbox 438 1358 681 1445; x_wconf 84' lang='lat' dir='ltr'><strong>amphitheatris</strong></span> <span class='ocrx_word' id='word_1_89' title='bbox 708 1359 864 1445; x_wconf 92' lang='lat' dir='ltr'><strong>principis</strong></span> <span class='ocrx_word' id='word_1_90' title='bbox 885 1359 1041 1438; x_wconf 84' lang='lat' dir='ltr'><strong>Neronis3</strong></span> <span class='ocrx_word' id='word_1_91' title='bbox 1074 1360 1192 1426; x_wconf 74' lang='lat' dir='ltr'><strong>rubent</strong></span> <span class='ocrx_word' id='word_1_92' title='bbox 1215 1360 1250 1424; x_wconf 93' lang='lat' dir='ltr'><strong>in</strong></span> 
     </span>
     <span class='ocr_line' id='line_1_12' title="bbox 124 1458 1252 1528; baseline -0.003 0"><span class='ocrx_word' id='word_1_93' title='bbox 124 1462 214 1528; x_wconf 86' lang='lat' dir='ltr'><strong>cavis</strong></span> <span class='ocrx_word' id='word_1_94' title='bbox 241 1462 369 1528; x_wconf 89' lang='lat' dir='ltr'><strong>aedium</strong></span> <span class='ocrx_word' id='word_1_95' title='bbox 397 1471 430 1526; x_wconf 92' lang='lat' dir='ltr'><strong>et</strong></span> <span class='ocrx_word' id='word_1_96' title='bbox 449 1482 595 1527; x_wconf 91' lang='lat' dir='ltr'><strong>muscum</strong></span> <span class='ocrx_word' id='word_1_97' title='bbox 616 1459 657 1526; x_wconf 87' lang='lat' dir='ltr'><strong>ab</strong></span> <span class='ocrx_word' id='word_1_98' title='bbox 681 1460 747 1525; x_wconf 91' lang='lat' dir='ltr'><strong>sole</strong></span> <span class='ocrx_word' id='word_1_99' title='bbox 770 1460 956 1526; x_wconf 87' lang='lat' dir='ltr'><strong>defendunt.</strong></span> <span class='ocrx_word' id='word_1_100' title='bbox 994 1458 1113 1526; x_wconf 84' lang='lat' dir='ltr'><strong>Cetera</strong></span> <span class='ocrx_word' id='word_1_101' title='bbox 1133 1460 1252 1526; x_wconf 89' lang='lat' dir='ltr'><strong>mansit</strong></span> 
     </span>
     <span class='ocr_line' id='line_1_13' title="bbox 126 1560 1252 1650; baseline -0.003 -21"><span class='ocrx_word' id='word_1_102' title='bbox 126 1564 264 1629; x_wconf 86' lang='lat' dir='ltr'><strong>candore</strong></span> <span class='ocrx_word' id='word_1_103' title='bbox 287 1562 436 1649; x_wconf 86' lang='lat' dir='ltr'><strong>pertinax</strong></span> <span class='ocrx_word' id='word_1_104' title='bbox 456 1562 580 1650; x_wconf 81' lang='lat' dir='ltr'><strong>gratia3</strong></span> <span class='ocrx_word' id='word_1_105' title='bbox 608 1560 708 1626; x_wconf 91' lang='lat' dir='ltr'><strong>honor</strong></span> <span class='ocrx_word' id='word_1_106' title='bbox 731 1560 828 1626; x_wconf 90' lang='lat' dir='ltr'><strong>etiam</strong></span> <span class='ocrx_word' id='word_1_107' title='bbox 850 1561 879 1625; x_wconf 91' lang='lat' dir='ltr'><strong>ei</strong></span> <span class='ocrx_word' id='word_1_108' title='bbox 902 1560 1042 1626; x_wconf 86' lang='lat' dir='ltr'><strong>Troiano</strong></span> <span class='ocrx_word' id='word_1_109' title='bbox 1064 1561 1164 1639; x_wconf 92' lang='lat' dir='ltr'><strong>bello;</strong></span> <span class='ocrx_word' id='word_1_110' title='bbox 1194 1584 1252 1626; x_wconf 91' lang='lat' dir='ltr'><strong>cur</strong></span> 
     </span>
     <span class='ocr_line' id='line_1_14' title="bbox 127 1661 1251 1749; baseline -0.003 -19"><span class='ocrx_word' id='word_1_111' title='bbox 127 1666 212 1730; x_wconf 90' lang='lat' dir='ltr'><strong>enim</strong></span> <span class='ocrx_word' id='word_1_112' title='bbox 234 1687 297 1731; x_wconf 95' lang='lat' dir='ltr'><strong>non</strong></span> <span class='ocrx_word' id='word_1_113' title='bbox 320 1676 353 1730; x_wconf 91' lang='lat' dir='ltr'><strong>et</strong></span> <span class='ocrx_word' id='word_1_114' title='bbox 374 1663 504 1749; x_wconf 87' lang='lat' dir='ltr'><strong>proeliis</strong></span> <span class='ocrx_word' id='word_1_115' title='bbox 524 1661 650 1727; x_wconf 89' lang='lat' dir='ltr'><strong>intersit</strong></span> <span class='ocrx_word' id='word_1_116' title='bbox 668 1673 705 1725; x_wconf 94' lang='lat' dir='ltr'><strong>ut</strong></span> <span class='ocrx_word' id='word_1_117' title='bbox 718 1662 919 1748; x_wconf 82' lang='lat' dir='ltr'><strong>naufragiis?</strong></span> <span class='ocrx_word' id='word_1_118' title='bbox 941 1661 1143 1728; x_wconf 85' lang='lat' dir='ltr'><strong>Thoracihus</strong></span> <span class='ocrx_word' id='word_1_119' title='bbox 1159 1662 1251 1727; x_wconf 90' lang='lat' dir='ltr'><strong>lineis</strong></span> 
     </span>
     <span class='ocr_line' id='line_1_15' title="bbox 127 1763 1252 1852; baseline -0.003 -21"><span class='ocrx_word' id='word_1_120' title='bbox 127 1788 248 1852; x_wconf 91' lang='lat' dir='ltr'><strong>paucos</strong></span> <span class='ocrx_word' id='word_1_121' title='bbox 276 1778 382 1831; x_wconf 88' lang='lat' dir='ltr'><strong>tamen</strong></span> <span class='ocrx_word' id='word_1_122' title='bbox 409 1786 570 1852; x_wconf 88' lang='lat' dir='ltr'><strong>pugnasse</strong></span> <span class='ocrx_word' id='word_1_123' title='bbox 594 1763 684 1828; x_wconf 90' lang='lat' dir='ltr'><strong>testis</strong></span> <span class='ocrx_word' id='word_1_124' title='bbox 706 1775 755 1828; x_wconf 84' lang='lat' dir='ltr'><strong>est</strong></span> <span class='ocrx_word' id='word_1_125' title='bbox 777 1763 951 1828; x_wconf 90' lang='lat' dir='ltr'><strong>Homerus.</strong></span> <span class='ocrx_word' id='word_1_126' title='bbox 987 1763 1076 1829; x_wconf 90' lang='lat' dir='ltr'><strong>Hinc</strong></span> <span class='ocrx_word' id='word_1_127' title='bbox 1096 1765 1196 1829; x_wconf 86' lang='lat' dir='ltr'><strong>fuisse</strong></span> <span class='ocrx_word' id='word_1_128' title='bbox 1218 1774 1252 1828; x_wconf 88' lang='lat' dir='ltr'><strong>et</strong></span> 
     </span>
     <span class='ocr_line' id='line_1_16' title="bbox 127 1864 1249 1952; baseline -0.002 -20"><span class='ocrx_word' id='word_1_129' title='bbox 127 1869 257 1932; x_wconf 89' lang='lat' dir='ltr'><strong>navium</strong></span> <span class='ocrx_word' id='word_1_130' title='bbox 278 1878 475 1933; x_wconf 88' lang='lat' dir='ltr'><strong>armamenta</strong></span> <span class='ocrx_word' id='word_1_131' title='bbox 501 1865 589 1952; x_wconf 93' lang='lat' dir='ltr'><strong>apud</strong></span> <span class='ocrx_word' id='word_1_132' title='bbox 611 1864 747 1930; x_wconf 85' lang='lat' dir='ltr'><strong>eundern</strong></span> <span class='ocrx_word' id='word_1_133' title='bbox 774 1866 1025 1951; x_wconf 86' lang='lat' dir='ltr'><strong>interpretantur</strong></span> <span class='ocrx_word' id='word_1_134' title='bbox 1046 1865 1249 1943; x_wconf 85' lang='lat' dir='ltr'><strong>eruditiores,</strong></span> 
     </span>
     <span class='ocr_line' id='line_1_17' title="bbox 128 1965 962 2055; baseline -0.002 -21"><span class='ocrx_word' id='word_1_135' title='bbox 128 1968 278 2052; x_wconf 85' lang='lat' dir='ltr'><strong>quoniam</strong></span> <span class='ocrx_word' id='word_1_136' title='bbox 300 1991 374 2034; x_wconf 91' lang='lat' dir='ltr'><strong>cum</strong></span> <span class='ocrx_word' id='word_1_137' title='bbox 396 1979 504 2055; x_wconf 86' lang='lat' dir='ltr'><strong>sparta</strong></span> <span class='ocrx_word' id='word_1_138' title='bbox 526 1965 608 2031; x_wconf 84' lang='lat' dir='ltr'><strong>dixit</strong></span> <span class='ocrx_word' id='word_1_139' title='bbox 630 1965 860 2054; x_wconf 85' lang='lat' dir='ltr'><strong>significaverit</strong></span> <span class='ocrx_word' id='word_1_140' title='bbox 883 1977 962 2032; x_wconf 87' lang='lat' dir='ltr'><strong>sata.</strong></span> 
     </span>
    </p>
   </div>
   <div class='ocr_carea' id='block_1_3' title="bbox 120 2173 1251 3456">
    <p class='ocr_par' dir='ltr' id='par_1_3' title="bbox 120 2173 1251 3456">
     <span class='ocr_line' id='line_1_18' title="bbox 128 2173 1250 2240; baseline 0.002 -14"><span class='ocrx_word' id='word_1_141' title='bbox 128 2183 172 2226; x_wconf 86' lang='lat' dir='ltr'><strong>cst</strong></span> <span class='ocrx_word' id='word_1_142' title='bbox 202 2175 229 2227; x_wconf 86' lang='lat' dir='ltr'><strong>Si</strong></span> <span class='ocrx_word' id='word_1_143' title='bbox 249 2178 318 2227; x_wconf 87' lang='lat' dir='ltr'><strong>enim</strong></span> <span class='ocrx_word' id='word_1_144' title='bbox 338 2178 372 2226; x_wconf 85' lang='lat' dir='ltr'><strong>ed</strong></span> <span class='ocrx_word' id='word_1_145' title='bbox 392 2176 542 2239; x_wconf 83' lang='lat' dir='ltr'><strong>Cleopatrae</strong></span> <span class='ocrx_word' id='word_1_146' title='bbox 563 2176 648 2226; x_wconf 82' lang='lat' dir='ltr'><strong>volum</strong></span> <span class='ocrx_word' id='word_1_147' title='bbox 667 2190 822 2239; x_wconf 87' lang='lat' dir='ltr'><strong>purpureum</strong></span> <span class='ocrx_word' id='word_1_148' title='bbox 841 2175 907 2225; x_wconf 88' lang='lat' dir='ltr'><strong>illud</strong></span> <span class='ocrx_word' id='word_1_149' title='bbox 923 2173 1028 2235; x_wconf 74' lang='lat' dir='ltr'><strong>referas,</strong></span> <span class='ocrx_word' id='word_1_150' title='bbox 1042 2185 1193 2240; x_wconf 77' lang='lat' dir='ltr'><strong>‘temporam</strong></span> <span class='ocrx_word' id='word_1_151' title='bbox 1211 2193 1250 2228; x_wconf 86' lang='lat' dir='ltr'><strong>ra·</strong></span> 
     </span>
     <span class='ocr_line' id='line_1_19' title="bbox 129 2243 1251 2307; baseline 0.001 -13"><span class='ocrx_word' id='word_1_152' title='bbox 129 2244 192 2294; x_wconf 89' lang='lat' dir='ltr'><strong>tioni</strong></span> <span class='ocrx_word' id='word_1_153' title='bbox 207 2244 355 2307; x_wconf 87' lang='lat' dir='ltr'><strong>refragatur,</strong></span> <span class='ocrx_word' id='word_1_154' title='bbox 372 2260 429 2294; x_wconf 90' lang='lat' dir='ltr'><strong>curn</strong></span> <span class='ocrx_word' id='word_1_155' title='bbox 449 2243 556 2294; x_wconf 88' lang='lat' dir='ltr'><strong>Catulus</strong></span> <span class='ocrx_word' id='word_1_156' title='bbox 571 2243 703 2307; x_wconf 88' lang='lat' dir='ltr'><strong>aliquanto</strong></span> <span class='ocrx_word' id='word_1_157' title='bbox 720 2251 780 2293; x_wconf 89' lang='lat' dir='ltr'><strong>ante</strong></span> <span class='ocrx_word' id='word_1_158' title='bbox 791 2243 953 2307; x_wconf 83' lang='lat' dir='ltr'><strong>Cleopatram</strong></span> <span class='ocrx_word' id='word_1_159' title='bbox 965 2244 1068 2306; x_wconf 82' lang='lat' dir='ltr'><strong>vixerit3</strong></span> <span class='ocrx_word' id='word_1_160' title='bbox 1087 2246 1126 2295; x_wconf 91' lang='lat' dir='ltr'><strong>sin</strong></span> <span class='ocrx_word' id='word_1_161' title='bbox 1144 2247 1176 2295; x_wconf 92' lang='lat' dir='ltr'><strong>ad</strong></span> <span class='ocrx_word' id='word_1_162' title='bbox 1187 2245 1251 2296; x_wconf 85' lang='lat' dir='ltr'><strong>Ale·</strong></span> 
     </span>
     <span class='ocr_line' id='line_1_20' title="bbox 128 2311 1250 2374; baseline 0.003 -14"><span class='ocrx_word' id='word_1_163' title='bbox 128 2313 217 2362; x_wconf 83' lang='lat' dir='ltr'><strong>xandri</strong></span> <span class='ocrx_word' id='word_1_164' title='bbox 233 2313 334 2372; x_wconf 87' lang='lat' dir='ltr'><strong>classes,</strong></span> <span class='ocrx_word' id='word_1_165' title='bbox 352 2327 405 2360; x_wconf 90' lang='lat' dir='ltr'><strong>non</strong></span> <span class='ocrx_word' id='word_1_166' title='bbox 421 2313 504 2361; x_wconf 88' lang='lat' dir='ltr'><strong>minus</strong></span> <span class='ocrx_word' id='word_1_167' title='bbox 520 2311 604 2373; x_wconf 87' lang='lat' dir='ltr'><strong>inepte</strong></span> <span class='ocrx_word' id='word_1_168' title='bbox 617 2312 727 2374; x_wconf 87' lang='lat' dir='ltr'><strong>ponitur,</strong></span> <span class='ocrx_word' id='word_1_169' title='bbox 744 2326 802 2360; x_wconf 88' lang='lat' dir='ltr'><strong>carn</strong></span> <span class='ocrx_word' id='word_1_170' title='bbox 819 2311 873 2360; x_wconf 87' lang='lat' dir='ltr'><strong>illic</strong></span> <span class='ocrx_word' id='word_1_171' title='bbox 885 2313 916 2360; x_wconf 89' lang='lat' dir='ltr'><strong>ds</strong></span> <span class='ocrx_word' id='word_1_172' title='bbox 933 2311 1017 2361; x_wconf 89' lang='lat' dir='ltr'><strong>tinctis</strong></span> <span class='ocrx_word' id='word_1_173' title='bbox 1034 2312 1100 2372; x_wconf 90' lang='lat' dir='ltr'><strong>linis,</strong></span> <span class='ocrx_word' id='word_1_174' title='bbox 1117 2312 1159 2362; x_wconf 91' lang='lat' dir='ltr'><strong>hic</strong></span> <span class='ocrx_word' id='word_1_175' title='bbox 1171 2315 1250 2363; x_wconf 85' lang='lat' dir='ltr'><strong>modo</strong></span> 
     </span>
     <span class='ocr_line' id='line_1_21' title="bbox 129 2379 1251 2444; baseline 0.002 -15"><span class='ocrx_word' id='word_1_176' title='bbox 129 2381 160 2429; x_wconf 87' lang='lat' dir='ltr'><strong>de</strong></span> <span class='ocrx_word' id='word_1_177' title='bbox 171 2381 233 2430; x_wconf 87' lang='lat' dir='ltr'><strong>velis</strong></span> <span class='ocrx_word' id='word_1_178' title='bbox 246 2393 321 2442; x_wconf 87' lang='lat' dir='ltr'><strong>super</strong></span> <span class='ocrx_word' id='word_1_179' title='bbox 333 2379 432 2428; x_wconf 89' lang='lat' dir='ltr'><strong>theatra</strong></span> <span class='ocrx_word' id='word_1_180' title='bbox 443 2380 561 2442; x_wconf 81' lang='lat' dir='ltr'><strong>expansis</strong></span> <span class='ocrx_word' id='word_1_181' title='bbox 572 2393 656 2428; x_wconf 89' lang='lat' dir='ltr'><strong>sermo</strong></span> <span class='ocrx_word' id='word_1_182' title='bbox 668 2379 708 2428; x_wconf 78' lang='lat' dir='ltr'><strong>sit.</strong></span> <span class='ocrx_word' id='word_1_183' title='bbox 731 2380 865 2428; x_wconf 87' lang='lat' dir='ltr'><strong>Praeterea</strong></span> <span class='ocrx_word' id='word_1_184' title='bbox 879 2379 907 2428; x_wconf 90' lang='lat' dir='ltr'><strong>id</strong></span> <span class='ocrx_word' id='word_1_185' title='bbox 922 2381 1034 2429; x_wconf 83' lang='lat' dir='ltr'><strong>maxime</strong></span> <span class='ocrx_word' id='word_1_186' title='bbox 1045 2379 1163 2439; x_wconf 84' lang='lat' dir='ltr'><strong>offendit,</strong></span> <span class='ocrx_word' id='word_1_187' title='bbox 1180 2382 1251 2444; x_wconf 88' lang='lat' dir='ltr'><strong>qnod</strong></span> 
     </span>
     <span class='ocr_line' id='line_1_22' title="bbox 129 2446 1251 2512; baseline 0.001 -16"><span class='ocrx_word' id='word_1_188' title='bbox 129 2449 161 2496; x_wconf 91' lang='lat' dir='ltr'><strong>ab</strong></span> <span class='ocrx_word' id='word_1_189' title='bbox 177 2455 320 2496; x_wconf 85' lang='lat' dir='ltr'><strong>exterarum</strong></span> <span class='ocrx_word' id='word_1_190' title='bbox 336 2447 469 2495; x_wconf 88' lang='lat' dir='ltr'><strong>nationum</strong></span> <span class='ocrx_word' id='word_1_191' title='bbox 484 2446 547 2495; x_wconf 86' lang='lat' dir='ltr'><strong>velis</strong></span> <span class='ocrx_word' id='word_1_192' title='bbox 563 2447 646 2495; x_wconf 91' lang='lat' dir='ltr'><strong>tinctis</strong></span> <span class='ocrx_word' id='word_1_193' title='bbox 663 2447 748 2495; x_wconf 90' lang='lat' dir='ltr'><strong>statim</strong></span> <span class='ocrx_word' id='word_1_194' title='bbox 765 2447 798 2494; x_wconf 89' lang='lat' dir='ltr'><strong>ad</strong></span> <span class='ocrx_word' id='word_1_195' title='bbox 809 2447 909 2496; x_wconf 86' lang='lat' dir='ltr'><strong>theatra</strong></span> <span class='ocrx_word' id='word_1_196' title='bbox 919 2447 1020 2506; x_wconf 84' lang='lat' dir='ltr'><strong>transit,</strong></span> <span class='ocrx_word' id='word_1_197' title='bbox 1037 2449 1068 2496; x_wconf 91' lang='lat' dir='ltr'><strong>de</strong></span> <span class='ocrx_word' id='word_1_198' title='bbox 1080 2449 1150 2497; x_wconf 88' lang='lat' dir='ltr'><strong>cuins</strong></span> <span class='ocrx_word' id='word_1_199' title='bbox 1161 2447 1251 2512; x_wconf 91' lang='lat' dir='ltr'><strong>populi</strong></span> 
     </span>
     <span class='ocr_line' id='line_1_23' title="bbox 128 2513 1251 2576; baseline 0.002 -13"><span class='ocrx_word' id='word_1_200' title='bbox 128 2514 234 2563; x_wconf 87' lang='lat' dir='ltr'><strong>theatris</strong></span> <span class='ocrx_word' id='word_1_201' title='bbox 245 2513 370 2576; x_wconf 89' lang='lat' dir='ltr'><strong>loquatur,</strong></span> <span class='ocrx_word' id='word_1_202' title='bbox 382 2521 475 2562; x_wconf 90' lang='lat' dir='ltr'><strong>tacens.</strong></span> <span class='ocrx_word' id='word_1_203' title='bbox 497 2514 548 2562; x_wconf 90' lang='lat' dir='ltr'><strong>Par</strong></span> <span class='ocrx_word' id='word_1_204' title='bbox 560 2520 613 2562; x_wconf 88' lang='lat' dir='ltr'><strong>erat</strong></span> <span class='ocrx_word' id='word_1_205' title='bbox 625 2527 684 2561; x_wconf 89' lang='lat' dir='ltr'><strong>enm</strong></span> <span class='ocrx_word' id='word_1_206' title='bbox 695 2513 777 2562; x_wconf 87' lang='lat' dir='ltr'><strong>dicere</strong></span> <span class='ocrx_word' id='word_1_207' title='bbox 794 2513 861 2561; x_wconf 88' lang='lat' dir='ltr'><strong>hanc</strong></span> <span class='ocrx_word' id='word_1_208' title='bbox 872 2513 1035 2562; x_wconf 85' lang='lat' dir='ltr'><strong>novationem</strong></span> <span class='ocrx_word' id='word_1_209' title='bbox 1046 2515 1146 2564; x_wconf 89' lang='lat' dir='ltr'><strong>Romae</strong></span> <span class='ocrx_word' id='word_1_210' title='bbox 1157 2513 1251 2565; x_wconf 81' lang='lat' dir='ltr'><strong>iactam</strong></span> 
     </span>
     <span class='ocr_line' id='line_1_24' title="bbox 128 2577 1250 2642; baseline -0.001 -11"><span class='ocrx_word' id='word_1_211' title='bbox 128 2596 197 2640; x_wconf 89' lang='lat' dir='ltr'><strong>esse,</strong></span> <span class='ocrx_word' id='word_1_212' title='bbox 213 2582 281 2630; x_wconf 87' lang='lat' dir='ltr'><strong>unde</strong></span> <span class='ocrx_word' id='word_1_213' title='bbox 297 2581 409 2630; x_wconf 88' lang='lat' dir='ltr'><strong>Plinium</strong></span> <span class='ocrx_word' id='word_1_214' title='bbox 426 2580 554 2642; x_wconf 80' lang='lat' dir='ltr'><strong>scripsisse</strong></span> <span class='ocrx_word' id='word_1_215' title='bbox 571 2579 690 2630; x_wconf 85' lang='lat' dir='ltr'><strong>arbitror:</strong></span> <span class='ocrx_word' id='word_1_216' title='bbox 713 2579 759 2628; x_wconf 92' lang='lat' dir='ltr'><strong>Po.</strong></span> <span class='ocrx_word' id='word_1_217' title='bbox 770 2578 804 2628; x_wconf 88' lang='lat' dir='ltr'><strong>R.</strong></span> <span class='ocrx_word' id='word_1_218' title='bbox 816 2595 846 2626; x_wconf 89' lang='lat' dir='ltr'><strong>ca</strong></span> <span class='ocrx_word' id='word_1_219' title='bbox 857 2578 883 2627; x_wconf 82' lang='lat' dir='ltr'><strong>ia</strong></span> <span class='ocrx_word' id='word_1_220' title='bbox 900 2577 999 2628; x_wconf 66' lang='lat' dir='ltr'><strong>menois</strong></span> <span class='ocrx_word' id='word_1_221' title='bbox 1013 2582 1130 2642; x_wconf 81' lang='lat' dir='ltr'><strong>spectanti</strong></span> <span class='ocrx_word' id='word_1_222' title='bbox 1143 2583 1250 2630; x_wconf 84' lang='lat' dir='ltr'><strong>umbram</strong></span> 
     </span>
     <span class='ocr_line' id='line_1_25' title="bbox 120 2643 1250 2712; baseline 0.002 -15"><span class='ocrx_word' id='word_1_223' title='bbox 120 2649 211 2712; x_wconf 71' lang='lat' dir='ltr'><strong>secem</strong></span> <span class='ocrx_word' id='word_1_224' title='bbox 235 2649 321 2698; x_wconf 90' lang='lat' dir='ltr'><strong>Voces</strong></span> <span class='ocrx_word' id='word_1_225' title='bbox 333 2647 378 2698; x_wconf 86' lang='lat' dir='ltr'><strong>Po.</strong></span> <span class='ocrx_word' id='word_1_226' title='bbox 389 2646 423 2697; x_wconf 87' lang='lat' dir='ltr'><strong>R.</strong></span> <span class='ocrx_word' id='word_1_227' title='bbox 442 2646 471 2709; x_wconf 92' lang='lat' dir='ltr'><strong>(i.</strong></span> <span class='ocrx_word' id='word_1_228' title='bbox 484 2662 505 2697; x_wconf 92' lang='lat' dir='ltr'><strong>e.</strong></span> <span class='ocrx_word' id='word_1_229' title='bbox 520 2647 617 2710; x_wconf 90' lang='lat' dir='ltr'><strong>populo</strong></span> <span class='ocrx_word' id='word_1_230' title='bbox 630 2644 762 2709; x_wconf 86' lang='lat' dir='ltr'><strong>Romano)</strong></span> <span class='ocrx_word' id='word_1_231' title='bbox 779 2662 809 2694; x_wconf 91' lang='lat' dir='ltr'><strong>ea</strong></span> <span class='ocrx_word' id='word_1_232' title='bbox 824 2643 903 2708; x_wconf 86' lang='lat' dir='ltr'><strong>(lina)</strong></span> <span class='ocrx_word' id='word_1_233' title='bbox 918 2646 1040 2696; x_wconf 81' lang='lat' dir='ltr'><strong>facillime</strong></span> <span class='ocrx_word' id='word_1_234' title='bbox 1056 2649 1083 2697; x_wconf 92' lang='lat' dir='ltr'><strong>in</strong></span> <span class='ocrx_word' id='word_1_235' title='bbox 1094 2647 1184 2697; x_wconf 82' lang='lat' dir='ltr'><strong>Postea</strong></span> <span class='ocrx_word' id='word_1_236' title='bbox 1195 2665 1250 2699; x_wconf 90' lang='lat' dir='ltr'><strong>cor·</strong></span> 
     </span>
     <span class='ocr_line' id='line_1_26' title="bbox 128 2715 1250 2781; baseline 0.001 -15"><span class='ocrx_word' id='word_1_237' title='bbox 128 2718 211 2781; x_wconf 89' lang='lat' dir='ltr'><strong>rumpi</strong></span> <span class='ocrx_word' id='word_1_238' title='bbox 227 2716 339 2780; x_wconf 89' lang='lat' dir='ltr'><strong>potuisse</strong></span> <span class='ocrx_word' id='word_1_239' title='bbox 354 2731 407 2765; x_wconf 89' lang='lat' dir='ltr'><strong>non</strong></span> <span class='ocrx_word' id='word_1_240' title='bbox 422 2716 524 2778; x_wconf 87' lang='lat' dir='ltr'><strong>negabit</strong></span> <span class='ocrx_word' id='word_1_241' title='bbox 536 2715 580 2777; x_wconf 92' lang='lat' dir='ltr'><strong>qui</strong></span> <span class='ocrx_word' id='word_1_242' title='bbox 590 2715 741 2775; x_wconf 86' lang='lat' dir='ltr'><strong>meminerit,</strong></span> <span class='ocrx_word' id='word_1_243' title='bbox 757 2722 821 2778; x_wconf 92' lang='lat' dir='ltr'><strong>quot</strong></span> <span class='ocrx_word' id='word_1_244' title='bbox 833 2722 858 2763; x_wconf 92' lang='lat' dir='ltr'><strong>et</strong></span> <span class='ocrx_word' id='word_1_245' title='bbox 870 2722 976 2776; x_wconf 84' lang='lat' dir='ltr'><strong>quantus</strong></span> <span class='ocrx_word' id='word_1_246' title='bbox 988 2716 1145 2779; x_wconf 85' lang='lat' dir='ltr'><strong>corruptelas</strong></span> <span class='ocrx_word' id='word_1_247' title='bbox 1156 2717 1250 2779; x_wconf 88' lang='lat' dir='ltr'><strong>ubique</strong></span> 
     </span>
     <span class='ocr_line' id='line_1_27' title="bbox 128 2781 1249 2847; baseline 0.001 -14"><span class='ocrx_word' id='word_1_248' title='bbox 128 2785 193 2833; x_wconf 89' lang='lat' dir='ltr'><strong>haec</strong></span> <span class='ocrx_word' id='word_1_249' title='bbox 209 2784 361 2847; x_wconf 87' lang='lat' dir='ltr'><strong>compendia</strong></span> <span class='ocrx_word' id='word_1_250' title='bbox 375 2783 421 2833; x_wconf 89' lang='lat' dir='ltr'><strong>Po.</strong></span> <span class='ocrx_word' id='word_1_251' title='bbox 432 2781 466 2833; x_wconf 75' lang='lat' dir='ltr'><strong>R.</strong></span> <span class='ocrx_word' id='word_1_252' title='bbox 483 2781 623 2844; x_wconf 80' lang='lat' dir='ltr'><strong>effecerint3</strong></span> <span class='ocrx_word' id='word_1_253' title='bbox 644 2783 726 2831; x_wconf 85' lang='lat' dir='ltr'><strong>altera</strong></span> <span class='ocrx_word' id='word_1_254' title='bbox 740 2782 883 2832; x_wconf 85' lang='lat' dir='ltr'><strong>emendatio</strong></span> <span class='ocrx_word' id='word_1_255' title='bbox 899 2781 1017 2844; x_wconf 78' lang='lat' dir='ltr'><strong>spectanti</strong></span> <span class='ocrx_word' id='word_1_256' title='bbox 1031 2784 1122 2845; x_wconf 85' lang='lat' dir='ltr'><strong>cuique</strong></span> <span class='ocrx_word' id='word_1_257' title='bbox 1138 2798 1165 2833; x_wconf 87' lang='lat' dir='ltr'><strong>se</strong></span> <span class='ocrx_word' id='word_1_258' title='bbox 1181 2798 1249 2835; x_wconf 85' lang='lat' dir='ltr'><strong>oom-</strong></span> 
     </span>
     <span class='ocr_line' id='line_1_28' title="bbox 128 2848 1251 2915; baseline 0.001 -14"><span class='ocrx_word' id='word_1_259' title='bbox 128 2853 269 2912; x_wconf 88' lang='lat' dir='ltr'><strong>mendabit,</strong></span> <span class='ocrx_word' id='word_1_260' title='bbox 293 2853 337 2915; x_wconf 89' lang='lat' dir='ltr'><strong>qui</strong></span> <span class='ocrx_word' id='word_1_261' title='bbox 354 2852 423 2901; x_wconf 82' lang='lat' dir='ltr'><strong>vocis</strong></span> <span class='ocrx_word' id='word_1_262' title='bbox 439 2864 602 2914; x_wconf 80' lang='lat' dir='ltr'><strong>praegressae</strong></span> <span class='ocrx_word' id='word_1_263' title='bbox 619 2848 719 2898; x_wconf 69' lang='lat' dir='ltr'><strong>amaa</strong></span> <span class='ocrx_word' id='word_1_264' title='bbox 735 2849 852 2899; x_wconf 88' lang='lat' dir='ltr'><strong>ultimam</strong></span> <span class='ocrx_word' id='word_1_265' title='bbox 867 2849 978 2899; x_wconf 85' lang='lat' dir='ltr'><strong>litteram</strong></span> <span class='ocrx_word' id='word_1_266' title='bbox 997 2858 1022 2899; x_wconf 89' lang='lat' dir='ltr'><strong>et</strong></span> <span class='ocrx_word' id='word_1_267' title='bbox 1038 2852 1165 2914; x_wconf 84' lang='lat' dir='ltr'><strong>sequentis</strong></span> <span class='ocrx_word' id='word_1_268' title='bbox 1181 2852 1251 2902; x_wconf 81' lang='lat' dir='ltr'><strong>vocis</strong></span> 
     </span>
     <span class='ocr_line' id='line_1_29' title="bbox 128 2915 1251 2984; baseline 0.001 -16"><span class='ocrx_word' id='word_1_269' title='bbox 128 2921 234 2968; x_wconf 84' lang='lat' dir='ltr'><strong>umbram</strong></span> <span class='ocrx_word' id='word_1_270' title='bbox 250 2922 312 2970; x_wconf 89' lang='lat' dir='ltr'><strong>duas</strong></span> <span class='ocrx_word' id='word_1_271' title='bbox 328 2920 422 2984; x_wconf 88' lang='lat' dir='ltr'><strong>primas</strong></span> <span class='ocrx_word' id='word_1_272' title='bbox 437 2920 534 2968; x_wconf 86' lang='lat' dir='ltr'><strong>litteras</strong></span> <span class='ocrx_word' id='word_1_273' title='bbox 551 2918 753 2968; x_wconf 80' lang='lat' dir='ltr'><strong>consideraverit</strong></span> <span class='ocrx_word' id='word_1_274' title='bbox 777 2915 891 2981; x_wconf 77' lang='lat' dir='ltr'><strong>Spartam</strong></span> <span class='ocrx_word' id='word_1_275' title='bbox 902 2933 961 2967; x_wconf 84' lang='lat' dir='ltr'><strong>vero</strong></span> <span class='ocrx_word' id='word_1_276' title='bbox 973 2919 1089 2968; x_wconf 86' lang='lat' dir='ltr'><strong>absolute</strong></span> <span class='ocrx_word' id='word_1_277' title='bbox 1100 2919 1137 2968; x_wconf 90' lang='lat' dir='ltr'><strong>ita</strong></span> <span class='ocrx_word' id='word_1_278' title='bbox 1148 2919 1205 2980; x_wconf 89' lang='lat' dir='ltr'><strong>dici,</strong></span> <span class='ocrx_word' id='word_1_279' title='bbox 1221 2927 1251 2969; x_wconf 89' lang='lat' dir='ltr'><strong>ut</strong></span> 
     </span>
     <span class='ocr_line' id='line_1_30' title="bbox 128 2983 1249 3051; baseline 0 -14"><span class='ocrx_word' id='word_1_280' title='bbox 128 2989 162 3037; x_wconf 90' lang='lat' dir='ltr'><strong>sit</strong></span> <span class='ocrx_word' id='word_1_281' title='bbox 177 2989 244 3038; x_wconf 90' lang='lat' dir='ltr'><strong>idem</strong></span> <span class='ocrx_word' id='word_1_282' title='bbox 261 2991 330 3051; x_wconf 88' lang='lat' dir='ltr'><strong>quod</strong></span> <span class='ocrx_word' id='word_1_283' title='bbox 345 2985 413 3036; x_wconf 87' lang='lat' dir='ltr'><strong>ludos</strong></span> <span class='ocrx_word' id='word_1_284' title='bbox 427 2993 544 3050; x_wconf 78' lang='lat' dir='ltr'><strong>spectare,</strong></span> <span class='ocrx_word' id='word_1_285' title='bbox 563 2983 626 3034; x_wconf 77' lang='lat' dir='ltr'><strong>ludis</strong></span> <span class='ocrx_word' id='word_1_286' title='bbox 640 2985 763 3048; x_wconf 80' lang='lat' dir='ltr'><strong>interesse,</strong></span> <span class='ocrx_word' id='word_1_287' title='bbox 785 2987 885 3036; x_wconf 88' lang='lat' dir='ltr'><strong>abunde</strong></span> <span class='ocrx_word' id='word_1_288' title='bbox 900 2986 952 3036; x_wconf 88' lang='lat' dir='ltr'><strong>iam</strong></span> <span class='ocrx_word' id='word_1_289' title='bbox 968 2986 1062 3035; x_wconf 88' lang='lat' dir='ltr'><strong>docent</strong></span> <span class='ocrx_word' id='word_1_290' title='bbox 1076 2987 1154 3036; x_wconf 84' lang='lat' dir='ltr'><strong>verba</strong></span> <span class='ocrx_word' id='word_1_291' title='bbox 1169 2987 1249 3038; x_wconf 81' lang='lat' dir='ltr'><strong>notis·</strong></span> 
     </span>
     <span class='ocr_line' id='line_1_31' title="bbox 128 3053 1250 3118; baseline -0.004 -12"><span class='ocrx_word' id='word_1_292' title='bbox 128 3056 193 3106; x_wconf 89' lang='lat' dir='ltr'><strong>sima</strong></span> <span class='ocrx_word' id='word_1_293' title='bbox 205 3056 289 3106; x_wconf 85' lang='lat' dir='ltr'><strong>Ovidii</strong></span> <span class='ocrx_word' id='word_1_294' title='bbox 304 3063 350 3106; x_wconf 84' lang='lat' dir='ltr'><strong>art.</strong></span> <span class='ocrx_word' id='word_1_295' title='bbox 368 3063 445 3106; x_wconf 86' lang='lat' dir='ltr'><strong>amat</strong></span> <span class='ocrx_word' id='word_1_296' title='bbox 464 3060 487 3116; x_wconf 90' lang='lat' dir='ltr'><strong>l,</strong></span> <span class='ocrx_word' id='word_1_297' title='bbox 500 3058 540 3104; x_wconf 84' lang='grc'><strong>99.</strong></span> <span class='ocrx_word' id='word_1_298' title='bbox 567 3053 739 3116; x_wconf 82' lang='lat' dir='ltr'><strong>Spectatum</strong></span> <span class='ocrx_word' id='word_1_299' title='bbox 756 3053 859 3113; x_wconf 83' lang='lat' dir='ltr'><strong>veniunt,</strong></span> <span class='ocrx_word' id='word_1_300' title='bbox 876 3053 972 3102; x_wconf 84' lang='lat' dir='ltr'><strong>veniunt</strong></span> <span class='ocrx_word' id='word_1_301' title='bbox 985 3061 1117 3118; x_wconf 75' lang='lat' dir='ltr'><strong>spectentur</strong></span> <span class='ocrx_word' id='word_1_302' title='bbox 1132 3062 1159 3102; x_wconf 92' lang='lat' dir='ltr'><strong>ut</strong></span> <span class='ocrx_word' id='word_1_303' title='bbox 1174 3053 1250 3118; x_wconf 83' lang='lat' dir='ltr'><strong>ipsos,</strong></span> 
     </span>
     <span class='ocr_line' id='line_1_32' title="bbox 128 3120 1248 3186; baseline 0.004 -15"><span class='ocrx_word' id='word_1_304' title='bbox 128 3124 188 3172; x_wconf 93' lang='lat' dir='ltr'><strong>coll.</strong></span> <span class='ocrx_word' id='word_1_305' title='bbox 208 3124 292 3173; x_wconf 89' lang='lat' dir='ltr'><strong>Plant.</strong></span> <span class='ocrx_word' id='word_1_306' title='bbox 308 3124 387 3173; x_wconf 87' lang='lat' dir='ltr'><strong>Poen.</strong></span> <span class='ocrx_word' id='word_1_307' title='bbox 404 3122 469 3186; x_wconf 86' lang='lat' dir='ltr'><strong>prol.</strong></span> <span class='ocrx_word' id='word_1_308' title='bbox 486 3127 526 3172; x_wconf 77' lang='lat'><strong>³2.</strong></span> <span class='ocrx_word' id='word_1_309' title='bbox 557 3121 688 3171; x_wconf 80' lang='lat' dir='ltr'><strong>Matronae</strong></span> <span class='ocrx_word' id='word_1_310' title='bbox 708 3121 795 3170; x_wconf 80' lang='lat' dir='ltr'><strong>tacitae</strong></span> <span class='ocrx_word' id='word_1_311' title='bbox 814 3129 960 3185; x_wconf 83' lang='lat' dir='ltr'><strong>spectent,</strong></span> <span class='ocrx_word' id='word_1_312' title='bbox 984 3122 1070 3170; x_wconf 88' lang='lat' dir='ltr'><strong>tacitae</strong></span> <span class='ocrx_word' id='word_1_313' title='bbox 1091 3120 1193 3172; x_wconf 79' lang='lat' dir='ltr'><strong>rideant</strong></span> <span class='ocrx_word' id='word_1_314' title='bbox 1216 3162 1248 3175; x_wconf 91' lang='lat'><strong>..</strong></span> 
     </span>
     <span class='ocr_line' id='line_1_33' title="bbox 129 3186 1249 3254; baseline 0.003 -17"><span class='ocrx_word' id='word_1_315' title='bbox 129 3187 253 3251; x_wconf 79' lang='lat' dir='ltr'><strong>theatrum,</strong></span> <span class='ocrx_word' id='word_1_316' title='bbox 265 3193 298 3241; x_wconf 90' lang='grc' dir='ltr'><strong>Κ.</strong></span> <span class='ocrx_word' id='word_1_317' title='bbox 320 3189 527 3254; x_wconf 67' lang='lat' dir='ltr'><strong>amphitheatrum</strong></span> <span class='ocrx_word' id='word_1_318' title='bbox 538 3190 627 3239; x_wconf 81' lang='lat' dir='ltr'><strong>Dulce.</strong></span> <span class='ocrx_word' id='word_1_319' title='bbox 645 3229 676 3239; x_wconf 89' lang='lat'><strong>...</strong></span> <span class='ocrx_word' id='word_1_320' title='bbox 699 3205 717 3237; x_wconf 88' lang='lat' dir='ltr'><strong>a</strong></span> <span class='ocrx_word' id='word_1_321' title='bbox 727 3186 888 3251; x_wconf 82' lang='lat' dir='ltr'><strong>eolliaart&#39;hus,</strong></span> <span class='ocrx_word' id='word_1_322' title='bbox 899 3204 942 3239; x_wconf 89' lang='lat' dir='ltr'><strong>ac.</strong></span> <span class='ocrx_word' id='word_1_323' title='bbox 965 3188 991 3238; x_wconf 85' lang='lat' dir='ltr'><strong>ia</strong></span> <span class='ocrx_word' id='word_1_324' title='bbox 1002 3189 1162 3250; x_wconf 82' lang='lat' dir='ltr'><strong>colliaart&#39;bus,</strong></span> <span class='ocrx_word' id='word_1_325' title='bbox 1175 3192 1199 3240; x_wconf 85' lang='lat' dir='ltr'><strong>d.</strong></span> <span class='ocrx_word' id='word_1_326' title='bbox 1218 3230 1249 3240; x_wconf 87' lang='grc'><strong>..</strong></span> 
     </span>
     <span class='ocr_line' id='line_1_34' title="bbox 127 3253 1250 3322; baseline 0.002 -17"><span class='ocrx_word' id='word_1_327' title='bbox 127 3257 254 3319; x_wconf 69' lang='lat' dir='ltr'><strong>statim,</strong></span> <span class='ocrx_word' id='word_1_328' title='bbox 267 3253 387 3309; x_wconf 75' lang='lat' dir='ltr'><strong>OTacd.</strong></span> <span class='ocrx_word' id='word_1_329' title='bbox 412 3255 448 3306; x_wconf 83' lang='lat' dir='ltr'><strong>ad</strong></span> <span class='ocrx_word' id='word_1_330' title='bbox 462 3256 560 3318; x_wconf 84' lang='lat' dir='ltr'><strong>clivum,</strong></span> <span class='ocrx_word' id='word_1_331' title='bbox 578 3257 651 3305; x_wconf 86' lang='lat' dir='ltr'><strong>codd.</strong></span> <span class='ocrx_word' id='word_1_332' title='bbox 664 3257 770 3307; x_wconf 89' lang='lat' dir='ltr'><strong>Barbari</strong></span> <span class='ocrx_word' id='word_1_333' title='bbox 786 3265 811 3307; x_wconf 90' lang='lat' dir='ltr'><strong>et</strong></span> <span class='ocrx_word' id='word_1_334' title='bbox 823 3258 931 3320; x_wconf 89' lang='lat' dir='ltr'><strong>Gelenii,</strong></span> <span class='ocrx_word' id='word_1_335' title='bbox 946 3253 976 3319; x_wconf 87' lang='grc' dir='ltr'><strong>β.</strong></span> <span class='ocrx_word' id='word_1_336' title='bbox 995 3294 1027 3308; x_wconf 86' lang='grc'><strong>..</strong></span> <span class='ocrx_word' id='word_1_337' title='bbox 1054 3257 1079 3307; x_wconf 83' lang='lat' dir='ltr'><strong>ia</strong></span> <span class='ocrx_word' id='word_1_338' title='bbox 1099 3256 1250 3322; x_wconf 80' lang='lat' dir='ltr'><strong>Capitolium,</strong></span> 
     </span>
     <span class='ocr_line' id='line_1_35' title="bbox 131 3316 1250 3442; baseline 0.002 -69"><span class='ocrx_word' id='word_1_339' title='bbox 131 3316 251 3375; x_wconf 74' lang='lat' dir='ltr'><strong>OTacd.</strong></span> <span class='ocrx_word' id='word_1_340' title='bbox 272 3324 439 3442; x_wconf 50' lang='lat' dir='ltr'><strong>Gapgtolimaa,</strong></span> <span class='ocrx_word' id='word_1_341' title='bbox 450 3327 525 3377; x_wconf 90' lang='lat' dir='ltr'><strong>codd.</strong></span> <span class='ocrx_word' id='word_1_342' title='bbox 536 3325 643 3375; x_wconf 86' lang='lat' dir='ltr'><strong>Barbari</strong></span> <span class='ocrx_word' id='word_1_343' title='bbox 654 3333 680 3375; x_wconf 89' lang='lat' dir='ltr'><strong>ct</strong></span> <span class='ocrx_word' id='word_1_344' title='bbox 692 3324 801 3387; x_wconf 86' lang='lat' dir='ltr'><strong>Gelenii,</strong></span> <span class='ocrx_word' id='word_1_345' title='bbox 812 3320 841 3386; x_wconf 80' lang='grc' dir='ltr'><strong>β.</strong></span> <span class='ocrx_word' id='word_1_346' title='bbox 860 3366 892 3377; x_wconf 83' lang='lat'><em>-</em></span> <span class='ocrx_word' id='word_1_347' title='bbox 910 3341 1011 3388; x_wconf 82' lang='lat' dir='ltr'><strong>munere,</strong></span> <span class='ocrx_word' id='word_1_348' title='bbox 1023 3327 1128 3377; x_wconf 81' lang='lat' dir='ltr'><strong>Barbar.</strong></span> <span class='ocrx_word' id='word_1_349' title='bbox 1151 3327 1250 3388; x_wconf 64' lang='lat' dir='ltr'><strong>mutam}</strong></span> 
     </span>
     <span class='ocr_line' id='line_1_36' title="bbox 127 3391 350 3456; baseline 0 -13"><span class='ocrx_word' id='word_1_350' title='bbox 127 3396 189 3443; x_wconf 84' lang='lat' dir='ltr'><strong>aad.</strong></span> <span class='ocrx_word' id='word_1_351' title='bbox 208 3433 240 3442; x_wconf 84' lang='lat'><strong>..</strong></span> <span class='ocrx_word' id='word_1_352' title='bbox 258 3391 314 3456; x_wconf 84' lang='lat' dir='ltr'><strong>ipsi,</strong></span> <span class='ocrx_word' id='word_1_353' title='bbox 344 3429 350 3443; x_wconf 93' lang='lat'><strong>.</strong></span> 
     </span>
    </p>
   </div>
   <div class='ocr_carea' id='block_1_4' title="bbox 126 3487 1249 3764">
    <p class='ocr_par' dir='ltr' id='par_1_4' title="bbox 126 3487 1249 3764">
     <span class='ocr_line' id='line_1_37' title="bbox 161 3487 1249 3559; baseline 0.006 -17"><span class='ocrx_word' id='word_1_354' title='bbox 161 3497 175 3559; x_wconf 78' lang='lat'>§</span> <span class='ocrx_word' id='word_1_355' title='bbox 188 3499 229 3543; x_wconf 76' lang='lat'><strong>24.</strong></span> <span class='ocrx_word' id='word_1_356' title='bbox 246 3491 352 3559; x_wconf 77' lang='lat' dir='ltr'><strong>Auqusts&#39;</strong></span> <span class='ocrx_word' id='word_1_357' title='bbox 360 3510 447 3554; x_wconf 84' lang='lat' dir='ltr'><strong>sorore,</strong></span> <span class='ocrx_word' id='word_1_358' title='bbox 459 3494 523 3544; x_wconf 82' lang='lat' dir='ltr'><strong>acd.</strong></span> <span class='ocrx_word' id='word_1_359' title='bbox 540 3508 620 3543; x_wconf 84' lang='lat' dir='ltr'><strong>sorore</strong></span> <span class='ocrx_word' id='word_1_360' title='bbox 631 3490 743 3557; x_wconf 73' lang='lat' dir='ltr'><strong>Aupusti,</strong></span> <span class='ocrx_word' id='word_1_361' title='bbox 755 3487 806 3558; x_wconf 71' lang='grc' dir='ltr'><strong>βγ.</strong></span> <span class='ocrx_word' id='word_1_362' title='bbox 820 3534 852 3543; x_wconf 88' lang='lat'><strong>..</strong></span> <span class='ocrx_word' id='word_1_363' title='bbox 870 3493 987 3556; x_wconf 82' lang='lat' dir='ltr'><strong>avunculi,</strong></span> <span class='ocrx_word' id='word_1_364' title='bbox 998 3511 1040 3545; x_wconf 88' lang='lat' dir='ltr'><strong>ac.</strong></span> <span class='ocrx_word' id='word_1_365' title='bbox 1054 3535 1086 3545; x_wconf 90' lang='lat'><strong>..</strong></span> <span class='ocrx_word' id='word_1_366' title='bbox 1104 3512 1128 3546; x_wconf 90' lang='lat' dir='ltr'><strong>a.</strong></span> <span class='ocrx_word' id='word_1_367' title='bbox 1140 3494 1173 3559; x_wconf 76' lang='lat' dir='ltr'><strong>d,</strong></span> <span class='ocrx_word' id='word_1_368' title='bbox 1185 3500 1249 3549; x_wconf 82' lang='lat' dir='ltr'><strong>aad.</strong></span> 
     </span>
     <span class='ocr_line' id='line_1_38' title="bbox 127 3557 1249 3626; baseline 0.005 -16"><span class='ocrx_word' id='word_1_369' title='bbox 127 3559 168 3622; x_wconf 85' lang='lat' dir='ltr'><strong>ad,</strong></span> <span class='ocrx_word' id='word_1_370' title='bbox 180 3579 199 3611; x_wconf 89' lang='lat' dir='ltr'><strong>r.</strong></span> <span class='ocrx_word' id='word_1_371' title='bbox 223 3577 247 3624; x_wconf 92' lang='lat' dir='ltr'><strong>a,</strong></span> <span class='ocrx_word' id='word_1_372' title='bbox 260 3563 291 3612; x_wconf 89' lang='grc' dir='ltr'><strong>Τ.</strong></span> <span class='ocrx_word' id='word_1_373' title='bbox 310 3563 367 3614; x_wconf 88' lang='lat' dir='ltr'><strong>Om.</strong></span> <span class='ocrx_word' id='word_1_374' title='bbox 379 3557 409 3624; x_wconf 75' lang='grc' dir='ltr'><strong>β.</strong></span> <span class='ocrx_word' id='word_1_375' title='bbox 431 3563 598 3622; x_wconf 88' lang='lat' dir='ltr'><strong>Harduinum‚</strong></span> <span class='ocrx_word' id='word_1_376' title='bbox 617 3561 661 3625; x_wconf 90' lang='lat' dir='ltr'><strong>qui</strong></span> <span class='ocrx_word' id='word_1_377' title='bbox 677 3562 825 3625; x_wconf 87' lang='lat' dir='ltr'><strong>scripturam</strong></span> <span class='ocrx_word' id='word_1_378' title='bbox 841 3577 909 3612; x_wconf 89' lang='lat' dir='ltr'><strong>nunc</strong></span> <span class='ocrx_word' id='word_1_379' title='bbox 923 3563 1053 3626; x_wconf 83' lang='lat' dir='ltr'><strong>vulgatam</strong></span> <span class='ocrx_word' id='word_1_380' title='bbox 1071 3566 1169 3615; x_wconf 86' lang='lat' dir='ltr'><strong>scodd.</strong></span> <span class='ocrx_word' id='word_1_381' title='bbox 1181 3579 1249 3616; x_wconf 85' lang='lat' dir='ltr'><strong>rece·</strong></span> 
     </span>
     <span class='ocr_line' id='line_1_39' title="bbox 126 3630 1248 3697; baseline 0.004 -19"><span class='ocrx_word' id='word_1_382' title='bbox 126 3631 172 3694; x_wconf 89' lang='lat' dir='ltr'><strong>pit,</strong></span> <span class='ocrx_word' id='word_1_383' title='bbox 190 3630 327 3694; x_wconf 88' lang='lat' dir='ltr'><strong>permimm</strong></span> <span class='ocrx_word' id='word_1_384' title='bbox 344 3638 383 3681; x_wconf 90' lang='lat' dir='ltr'><strong>est</strong></span> <span class='ocrx_word' id='word_1_385' title='bbox 398 3645 452 3680; x_wconf 90' lang='lat' dir='ltr'><strong>non</strong></span> <span class='ocrx_word' id='word_1_386' title='bbox 466 3630 624 3680; x_wconf 86' lang='lat' dir='ltr'><strong>intellexisse</strong></span> <span class='ocrx_word' id='word_1_387' title='bbox 639 3644 773 3679; x_wconf 88' lang='lat' dir='ltr'><strong>numerum</strong></span> <span class='ocrx_word' id='word_1_388' title='bbox 790 3630 838 3679; x_wconf 91' lang='lat' dir='ltr'><strong>diei</strong></span> <span class='ocrx_word' id='word_1_389' title='bbox 855 3645 916 3681; x_wconf 89' lang='lat' dir='ltr'><strong>casu</strong></span> <span class='ocrx_word' id='word_1_390' title='bbox 930 3630 1097 3694; x_wconf 88' lang='lat' dir='ltr'><strong>intercidisse,</strong></span> <span class='ocrx_word' id='word_1_391' title='bbox 1114 3636 1182 3683; x_wconf 88' lang='lat' dir='ltr'><strong>unde</strong></span> <span class='ocrx_word' id='word_1_392' title='bbox 1198 3647 1248 3697; x_wconf 84' lang='lat' dir='ltr'><strong>ego</strong></span> 
     </span>
     <span class='ocr_line' id='line_1_40' title="bbox 126 3695 765 3764; baseline 0.002 -18"><span class='ocrx_word' id='word_1_393' title='bbox 126 3698 233 3747; x_wconf 87' lang='lat' dir='ltr'><strong>lacunae</strong></span> <span class='ocrx_word' id='word_1_394' title='bbox 246 3699 318 3762; x_wconf 86' lang='lat' dir='ltr'><strong>signa</strong></span> <span class='ocrx_word' id='word_1_395' title='bbox 328 3699 411 3764; x_wconf 90' lang='lat' dir='ltr'><strong>posui.</strong></span> <span class='ocrx_word' id='word_1_396' title='bbox 430 3739 461 3748; x_wconf 78' lang='grc'><strong>,,</strong></span> <span class='ocrx_word' id='word_1_397' title='bbox 480 3696 542 3760; x_wconf 79' lang='lat' dir='ltr'><strong>idus,</strong></span> <span class='ocrx_word' id='word_1_398' title='bbox 554 3715 574 3748; x_wconf 91' lang='lat' dir='ltr'><strong>r.</strong></span> <span class='ocrx_word' id='word_1_399' title='bbox 587 3738 619 3747; x_wconf 88' lang='grc'><strong>..</strong></span> <span class='ocrx_word' id='word_1_400' title='bbox 637 3695 730 3758; x_wconf 85' lang='lat' dir='ltr'><strong>mutati,</strong></span> <span class='ocrx_word' id='word_1_401' title='bbox 742 3713 765 3747; x_wconf 88' lang='lat' dir='ltr'><strong>a.</strong></span> 
     </span>
    </p>
   </div>
   <div class='ocr_carea' id='block_1_5' title="bbox 125 3793 1249 4339">
    <p class='ocr_par' dir='ltr' id='par_1_5' title="bbox 125 3793 1249 4339">
     <span class='ocr_line' id='line_1_41' title="bbox 160 3793 1248 3864; baseline -0.002 -16"><span class='ocrx_word' id='word_1_402' title='bbox 160 3801 229 3862; x_wconf 67' lang='lat'><strong>525.</strong></span> <span class='ocrx_word' id='word_1_403' title='bbox 247 3808 270 3848; x_wconf 83' lang='lat' dir='ltr'><strong>et</strong></span> <span class='ocrx_word' id='word_1_404' title='bbox 286 3797 370 3861; x_wconf 85' lang='lat' dir='ltr'><strong>colore,</strong></span> <span class='ocrx_word' id='word_1_405' title='bbox 384 3793 483 3849; x_wconf 72' lang='lat' dir='ltr'><strong>Ores.</strong></span> <span class='ocrx_word' id='word_1_406' title='bbox 506 3797 589 3859; x_wconf 78' lang='lat' dir='ltr'><strong>colora</strong></span> <span class='ocrx_word' id='word_1_407' title='bbox 605 3794 676 3864; x_wconf 72' lang='grc' dir='ltr'><strong>αβγ.</strong></span> <span class='ocrx_word' id='word_1_408' title='bbox 695 3839 726 3848; x_wconf 84' lang='grc'>-</span> <span class='ocrx_word' id='word_1_409' title='bbox 744 3797 848 3860; x_wconf 76' lang='lat' dir='ltr'><strong>stellata,</strong></span> <span class='ocrx_word' id='word_1_410' title='bbox 860 3801 923 3850; x_wconf 90' lang='lat' dir='ltr'><strong>acd.</strong></span> <span class='ocrx_word' id='word_1_411' title='bbox 946 3798 1056 3862; x_wconf 70' lang='lat' dir='ltr'><strong>distorta,</strong></span> <span class='ocrx_word' id='word_1_412' title='bbox 1068 3817 1088 3850; x_wconf 90' lang='lat' dir='ltr'><strong>r.</strong></span> <span class='ocrx_word' id='word_1_413' title='bbox 1108 3840 1138 3850; x_wconf 90' lang='lat'><strong>..</strong></span> <span class='ocrx_word' id='word_1_414' title='bbox 1156 3807 1248 3862; x_wconf 71' lang='lat' dir='ltr'><strong>stetere,</strong></span> 
     </span>
     <span class='ocr_line' id='line_1_42' title="bbox 127 3863 1247 3933; baseline 0.004 -19"><span class='ocrx_word' id='word_1_415' title='bbox 127 3865 163 3915; x_wconf 88' lang='lat' dir='ltr'><strong>itu</strong></span> <span class='ocrx_word' id='word_1_416' title='bbox 173 3881 220 3918; x_wconf 89' lang='lat' dir='ltr'><strong>nos</strong></span> <span class='ocrx_word' id='word_1_417' title='bbox 231 3869 383 3931; x_wconf 86' lang='lat' dir='ltr'><strong>scripsimus.</strong></span> <span class='ocrx_word' id='word_1_418' title='bbox 403 3875 487 3929; x_wconf 82' lang='lat' dir='ltr'><strong>terrae,</strong></span> <span class='ocrx_word' id='word_1_419' title='bbox 498 3869 601 3917; x_wconf 86' lang='lat' dir='ltr'><strong>D¹acr.</strong></span> <span class='ocrx_word' id='word_1_420' title='bbox 610 3866 686 3930; x_wconf 83' lang='lat' dir='ltr'><strong>seret,</strong></span> <span class='ocrx_word' id='word_1_421' title='bbox 697 3867 723 3917; x_wconf 94' lang='lat' dir='ltr'>D</span> <span class='ocrx_word' id='word_1_422' title='bbox 731 3869 749 3916; x_wconf 81' lang='lat'><strong>².</strong></span> <span class='ocrx_word' id='word_1_423' title='bbox 767 3866 821 3930; x_wconf 84' lang='lat' dir='ltr'><strong>iere,</strong></span> <span class='ocrx_word' id='word_1_424' title='bbox 834 3869 910 3933; x_wconf 76' lang='grc' dir='ltr'><strong>Τᾶγ.</strong></span> <span class='ocrx_word' id='word_1_425' title='bbox 930 3875 1002 3928; x_wconf 83' lang='lat' dir='ltr'><strong>terra,</strong></span> <span class='ocrx_word' id='word_1_426' title='bbox 1013 3863 1042 3929; x_wconf 78' lang='grc' dir='ltr'><strong>β.</strong></span> <span class='ocrx_word' id='word_1_427' title='bbox 1061 3875 1147 3930; x_wconf 70' lang='lat' dir='ltr'><strong>naam,</strong></span> <span class='ocrx_word' id='word_1_428' title='bbox 1157 3868 1247 3919; x_wconf 86' lang='lat' dir='ltr'><strong>Dalsc.</strong></span> 
     </span>
     <span class='ocr_line' id='line_1_43' title="bbox 127 3930 1249 4000; baseline 0.004 -18"><span class='ocrx_word' id='word_1_429' title='bbox 127 3973 159 3982; x_wconf 92' lang='lat'><strong>..</strong></span> <span class='ocrx_word' id='word_1_430' title='bbox 177 3933 370 3998; x_wconf 63' lang='lat' dir='ltr'><strong>amphitheatris,</strong></span> <span class='ocrx_word' id='word_1_431' title='bbox 389 3935 500 3985; x_wconf 82' lang='lat' dir='ltr'><strong>Tacdr.</strong></span> <span class='ocrx_word' id='word_1_432' title='bbox 523 3933 707 4000; x_wconf 81' lang='lat' dir='ltr'><strong>amphitheatro,</strong></span> <span class='ocrx_word' id='word_1_433' title='bbox 723 3949 749 4000; x_wconf 75' lang='grc' dir='ltr'><strong>γ.</strong></span> <span class='ocrx_word' id='word_1_434' title='bbox 766 3976 798 3985; x_wconf 91' lang='grc'><strong>..</strong></span> <span class='ocrx_word' id='word_1_435' title='bbox 817 3935 912 3995; x_wconf 80' lang='lat' dir='ltr'><strong>rubeat,</strong></span> <span class='ocrx_word' id='word_1_436' title='bbox 930 3936 1040 3986; x_wconf 82' lang='lat' dir='ltr'><strong>Tacdr.</strong></span> <span class='ocrx_word' id='word_1_437' title='bbox 1062 3930 1200 3996; x_wconf 71' lang='lat' dir='ltr'><strong>rubeniast</strong></span> <span class='ocrx_word' id='word_1_438' title='bbox 1215 3938 1249 3987; x_wconf 83' lang='lat' dir='ltr'><strong>ud</strong></span> 
     </span>
     <span class='ocr_line' id='line_1_44' title="bbox 128 4000 1248 4066; baseline 0.004 -17"><span class='ocrx_word' id='word_1_439' title='bbox 128 4007 193 4049; x_wconf 86' lang='lat' dir='ltr'><strong>terra</strong></span> <span class='ocrx_word' id='word_1_440' title='bbox 204 4003 322 4053; x_wconf 88' lang='lat' dir='ltr'><strong>referens.</strong></span> <span class='ocrx_word' id='word_1_441' title='bbox 335 4043 366 4052; x_wconf 83' lang='lat'>-</span> <span class='ocrx_word' id='word_1_442' title='bbox 385 4018 495 4064; x_wconf 85' lang='lat' dir='ltr'><strong>muscum,</strong></span> <span class='ocrx_word' id='word_1_443' title='bbox 508 4018 559 4052; x_wconf 91' lang='lat' dir='ltr'><strong>om.</strong></span> <span class='ocrx_word' id='word_1_444' title='bbox 571 4003 662 4053; x_wconf 89' lang='lat' dir='ltr'><strong>Dalec.</strong></span> <span class='ocrx_word' id='word_1_445' title='bbox 674 4043 705 4054; x_wconf 93' lang='grc'><strong>..</strong></span> <span class='ocrx_word' id='word_1_446' title='bbox 721 4002 753 4051; x_wconf 83' lang='lat' dir='ltr'><strong>ab</strong></span> <span class='ocrx_word' id='word_1_447' title='bbox 763 4002 819 4065; x_wconf 85' lang='lat' dir='ltr'><strong>sole,</strong></span> <span class='ocrx_word' id='word_1_448' title='bbox 836 4005 873 4054; x_wconf 87' lang='lat' dir='ltr'><strong>ita</strong></span> <span class='ocrx_word' id='word_1_449' title='bbox 883 4019 932 4053; x_wconf 90' lang='lat' dir='ltr'><strong>nos</strong></span> <span class='ocrx_word' id='word_1_450' title='bbox 943 4002 1095 4066; x_wconf 88' lang='lat' dir='ltr'><strong>scripsimus.</strong></span> <span class='ocrx_word' id='word_1_451' title='bbox 1113 4000 1149 4050; x_wconf 90' lang='lat' dir='ltr'><strong>ad</strong></span> <span class='ocrx_word' id='word_1_452' title='bbox 1157 4000 1214 4063; x_wconf 86' lang='lat' dir='ltr'><strong>sole,</strong></span> <span class='ocrx_word' id='word_1_453' title='bbox 1226 4019 1248 4054; x_wconf 90' lang='lat' dir='ltr'><strong>c.</strong></span> 
     </span>
     <span class='ocr_line' id='line_1_45' title="bbox 127 4063 1248 4135; baseline 0.004 -19"><span class='ocrx_word' id='word_1_454' title='bbox 127 4067 162 4116; x_wconf 85' lang='lat' dir='ltr'><strong>ad</strong></span> <span class='ocrx_word' id='word_1_455' title='bbox 171 4068 251 4132; x_wconf 85' lang='lat' dir='ltr'><strong>solem,</strong></span> <span class='ocrx_word' id='word_1_456' title='bbox 264 4084 288 4121; x_wconf 79' lang='lat' dir='ltr'><strong>a:</strong></span> <span class='ocrx_word' id='word_1_457' title='bbox 305 4086 335 4118; x_wconf 88' lang='lat' dir='ltr'><strong>ac</strong></span> <span class='ocrx_word' id='word_1_458' title='bbox 345 4068 424 4130; x_wconf 83' lang='lat' dir='ltr'><strong>solem,</strong></span> <span class='ocrx_word' id='word_1_459' title='bbox 437 4074 461 4120; x_wconf 92' lang='lat' dir='ltr'><strong>d.</strong></span> <span class='ocrx_word' id='word_1_460' title='bbox 483 4086 501 4118; x_wconf 90' lang='lat' dir='ltr'><strong>a</strong></span> <span class='ocrx_word' id='word_1_461' title='bbox 511 4069 566 4130; x_wconf 82' lang='lat' dir='ltr'><strong>sole,</strong></span> <span class='ocrx_word' id='word_1_462' title='bbox 578 4067 630 4135; x_wconf 76' lang='grc' dir='ltr'><strong>βγ.</strong></span> <span class='ocrx_word' id='word_1_463' title='bbox 643 4110 674 4120; x_wconf 92' lang='lat'><strong>..</strong></span> <span class='ocrx_word' id='word_1_464' title='bbox 696 4068 810 4133; x_wconf 79' lang='lat' dir='ltr'><strong>Ceterum,</strong></span> <span class='ocrx_word' id='word_1_465' title='bbox 822 4087 861 4122; x_wconf 88' lang='lat' dir='ltr'><strong>ar.</strong></span> <span class='ocrx_word' id='word_1_466' title='bbox 881 4111 913 4121; x_wconf 87' lang='lat'><strong>...</strong></span> <span class='ocrx_word' id='word_1_467' title='bbox 930 4069 1041 4131; x_wconf 81' lang='lat' dir='ltr'><strong>caudore,</strong></span> <span class='ocrx_word' id='word_1_468' title='bbox 1054 4063 1121 4119; x_wconf 70' lang='lat' dir='ltr'><strong>dac.</strong></span> <span class='ocrx_word' id='word_1_469' title='bbox 1139 4068 1248 4133; x_wconf 77' lang='lat' dir='ltr'><strong>mederi,</strong></span> 
     </span>
     <span class='ocr_line' id='line_1_46' title="bbox 127 4131 1247 4202; baseline 0.001 -16"><span class='ocrx_word' id='word_1_470' title='bbox 127 4131 200 4201; x_wconf 73' lang='grc' dir='ltr'><strong>ᾱβγ.</strong></span> <span class='ocrx_word' id='word_1_471' title='bbox 225 4140 267 4189; x_wconf 88' lang='lat' dir='ltr'><strong>De</strong></span> <span class='ocrx_word' id='word_1_472' title='bbox 284 4138 395 4189; x_wconf 89' lang='lat' dir='ltr'><strong>ablativo</strong></span> <span class='ocrx_word' id='word_1_473' title='bbox 413 4153 436 4188; x_wconf 85' lang='lat' dir='ltr'><strong>v.</strong></span> <span class='ocrx_word' id='word_1_474' title='bbox 455 4141 487 4188; x_wconf 87' lang='lat' dir='ltr'><strong>ad</strong></span> <span class='ocrx_word' id='word_1_475' title='bbox 504 4143 551 4200; x_wconf 75' lang='lat' dir='ltr'><strong>st,</strong></span> <span class='ocrx_word' id='word_1_476' title='bbox 568 4142 609 4188; x_wconf 81' lang='lat'><strong>82.</strong></span> <span class='ocrx_word' id='word_1_477' title='bbox 631 4177 663 4187; x_wconf 83' lang='lat'><em>-</em></span> <span class='ocrx_word' id='word_1_478' title='bbox 692 4137 763 4186; x_wconf 82' lang='lat' dir='ltr'><strong>etiam</strong></span> <span class='ocrx_word' id='word_1_479' title='bbox 780 4139 815 4201; x_wconf 86' lang='lat' dir='ltr'><strong>ei,</strong></span> <span class='ocrx_word' id='word_1_480' title='bbox 831 4141 868 4191; x_wconf 87' lang='lat' dir='ltr'><strong>ita</strong></span> <span class='ocrx_word' id='word_1_481' title='bbox 882 4154 931 4189; x_wconf 90' lang='lat' dir='ltr'><strong>nos</strong></span> <span class='ocrx_word' id='word_1_482' title='bbox 946 4138 1098 4201; x_wconf 86' lang='lat' dir='ltr'><strong>scripsimus.</strong></span> <span class='ocrx_word' id='word_1_483' title='bbox 1129 4137 1200 4187; x_wconf 82' lang='lat' dir='ltr'><strong>etiam</strong></span> <span class='ocrx_word' id='word_1_484' title='bbox 1217 4147 1247 4202; x_wconf 84' lang='lat' dir='ltr'><strong>et,</strong></span> 
     </span>
     <span class='ocr_line' id='line_1_47' title="bbox 126 4200 1248 4272; baseline 0.004 -19"><span class='ocrx_word' id='word_1_485' title='bbox 126 4200 241 4270; x_wconf 68' lang='lat' dir='ltr'><strong>acdssr.</strong></span> <span class='ocrx_word' id='word_1_486' title='bbox 262 4207 356 4256; x_wconf 90' lang='lat' dir='ltr'><strong>Honor</strong></span> <span class='ocrx_word' id='word_1_487' title='bbox 371 4207 426 4270; x_wconf 90' lang='lat' dir='ltr'><strong>ipse</strong></span> <span class='ocrx_word' id='word_1_488' title='bbox 439 4206 595 4268; x_wconf 77' lang='lat' dir='ltr'><strong>significatur</strong></span> <span class='ocrx_word' id='word_1_489' title='bbox 606 4207 728 4255; x_wconf 73' lang='lat' dir='ltr'><strong>adicedvo</strong></span> <span class='ocrx_word' id='word_1_490' title='bbox 740 4207 880 4257; x_wconf 90' lang='lat' dir='ltr'><strong>Homerico</strong></span> <span class='ocrx_word' id='word_1_491' title='bbox 891 4201 1082 4272; x_wconf 71' lang='lat' dir='ltr'><strong>ltuodaippxec.</strong></span> <span class='ocrx_word' id='word_1_492' title='bbox 1102 4246 1133 4255; x_wconf 87' lang='lat'><strong>..</strong></span> <span class='ocrx_word' id='word_1_493' title='bbox 1155 4205 1248 4257; x_wconf 72' lang='lat' dir='ltr'><strong>thora</strong></span> 
     </span>
     <span class='ocr_line' id='line_1_48' title="bbox 125 4267 1175 4339; baseline 0.005 -19"><span class='ocrx_word' id='word_1_494' title='bbox 125 4271 180 4334; x_wconf 73' lang='lat' dir='ltr'><strong>cea,</strong></span> <span class='ocrx_word' id='word_1_495' title='bbox 192 4277 255 4324; x_wconf 74' lang='lat' dir='ltr'><strong>aea.</strong></span> <span class='ocrx_word' id='word_1_496' title='bbox 275 4312 306 4323; x_wconf 80' lang='lat'><strong>-</strong></span> <span class='ocrx_word' id='word_1_497' title='bbox 324 4272 443 4323; x_wconf 70' lang='lat' dir='ltr'><strong>Hammo</strong></span> <span class='ocrx_word' id='word_1_498' title='bbox 452 4274 527 4324; x_wconf 77' lang='lat' dir='ltr'><strong>nias.</strong></span> <span class='ocrx_word' id='word_1_499' title='bbox 538 4269 568 4335; x_wconf 73' lang='grc' dir='ltr'><strong>β,</strong></span> <span class='ocrx_word' id='word_1_500' title='bbox 582 4278 638 4323; x_wconf 81' lang='lat' dir='ltr'><strong>aas.</strong></span> <span class='ocrx_word' id='word_1_501' title='bbox 651 4279 708 4325; x_wconf 83' lang='lat' dir='ltr'><strong>sao.</strong></span> <span class='ocrx_word' id='word_1_502' title='bbox 727 4313 758 4324; x_wconf 86' lang='grc'><strong>-</strong></span> <span class='ocrx_word' id='word_1_503' title='bbox 776 4281 863 4339; x_wconf 61' lang='lat' dir='ltr'><strong>para</strong></span> <span class='ocrx_word' id='word_1_504' title='bbox 873 4274 978 4325; x_wconf 76' lang='lat' dir='ltr'><strong>noma.</strong></span> <span class='ocrx_word' id='word_1_505' title='bbox 990 4274 1064 4324; x_wconf 78' lang='lat' dir='ltr'><strong>mac.</strong></span> <span class='ocrx_word' id='word_1_506' title='bbox 1075 4267 1106 4336; x_wconf 71' lang='grc' dir='ltr'><strong>β,</strong></span> <span class='ocrx_word' id='word_1_507' title='bbox 1119 4278 1175 4326; x_wconf 84' lang='lat' dir='ltr'><strong>ras.</strong></span> 
     </span>
    </p>
   </div>
   <div class='ocr_carea' id='block_1_6' title="bbox 0 0 1452 4792">
    <p class='ocr_par' dir='ltr' id='par_1_6' title="bbox 0 0 1452 4792">
     <span class='ocr_line' id='line_1_49' title="bbox 0 0 1452 4792; baseline 0 0"><span class='ocrx_word' id='word_1_508' title='bbox 0 0 1452 4792; x_wconf 95' lang='lat' dir='ltr'><strong> </strong></span> 
     </span>
    </p>
   </div>
  </div>
 </body>
</html>
