2896 4792
418 273 489 319 nra.
504 272 594 321 xvn.
622 272 701 320 car.
717 273 740 320 a
756 272 796 320 11.
819 271 917 320 sacr.
934 275 952 316 ι.
966 273 985 315 a.
1222 255 1262 319 69

138 423 255 510 priscis
283 433 475 507 cautumque
504 434 554 488 est
579 446 628 488 xn
656 423 773 489 tabulis
800 433 837 488 ut
864 424 919 508 qui
946 424 1063 488 iniun‘a
1092 421 1264 490 cecidisset

138 527 259 593 alienas
279 525 383 590 lueret
403 524 438 588 in
461 524 605 611 singulas
626 526 710 590 aeris
732 548 813 588 xxv.
847 522 937 607 Quid
958 525 1190 590 existumamus
1211 526 1291 591 fri-a

134 639 270 692 turasne
290 648 346 692 eas
367 625 544 691 credidisse
565 626 607 690 ad
629 646 728 712 supra
754 626 873 691 dictam
902 628 1164 692 aestumationem
1193 625 1263 692 illos

139 728 196 812 qui
225 727 397 814 frugiferas
423 727 504 791 tanti
532 728 741 792 taxaverant?
777 725 847 791 Nec
880 727 986 792 minus
1014 727 1204 792 miraculum
1229 729 1264 792 in

138 852 236 916 pomo
260 840 321 908 eat,
350 829 524 894 multarum
550 830 637 894 circa
667 827 851 894 suburbana
876 828 982 893 fructu
1008 851 1115 894 annuo
1136 829 1264 896 addicto

138 931 224 998 binis
244 928 375 996 milibus
394 952 571 1007 nummum,
592 929 713 995 maiore
728 929 925 1018 singularum
939 929 1056 1007 reditu,
1079 953 1175 1014 quam
1196 942 1264 996 erat

138 1032 227 1118 apud
248 1032 395 1116 antiquos
416 1031 631 1118 praediorum.
669 1029 725 1096 Ob
746 1030 807 1096 hoc
833 1031 929 1095 insita
956 1041 989 1096 et
1009 1032 1160 1097 arborum
1182 1055 1263 1116 quo-

138 1154 203 1217 que
224 1132 380 1198 adulteria
402 1132 585 1217 excogitata
607 1143 692 1209 sunt,
720 1143 757 1196 ut
782 1154 843 1197 nec
868 1154 965 1217 poma
985 1133 1183 1219 pauperibus
1204 1156 1263 1198 na·

141 1244 315 1301 scerentnr.
347 1232 444 1298 Nunc
465 1255 544 1319 ergo
566 1233 720 1310 dicemus,
743 1255 881 1316 quonam
902 1256 1053 1300 maxume
1074 1236 1170 1300 modo
1192 1246 1292 1300 tan-a

141 1349 210 1402 tum
231 1358 273 1401 ex
292 1335 343 1401 his
371 1334 507 1422 vectigal
534 1335 709 1422 contingat,
737 1356 845 1398 veram
875 1335 1000 1399 calendi
1028 1336 1184 1400 rationem
1205 1336 1263 1402 ab·

140 1438 338 1521 solutamque
365 1435 534 1522 prodituri,
561 1445 594 1500 et
619 1435 693 1500 ideo
719 1456 784 1500 non
812 1433 942 1520 volgata
970 1435 1176 1500 tractabimus
1204 1459 1264 1503 nec

140 1560 223 1623 quae
245 1538 391 1603 constare
412 1536 518 1602 animo
539 1536 749 1614 advertimus,
773 1535 829 1600 sed
850 1536 973 1601 incerta
987 1546 1083 1619 atque
1098 1535 1207 1613 dubia,
1230 1537 1264 1601 in

140 1639 259 1725 quibus
281 1661 430 1703 maxume
451 1638 572 1702 fallitur
593 1638 677 1714 vita3
701 1659 776 1701 nam
790 1636 991 1723 diligentiam
1008 1638 1042 1702 in
1058 1638 1265 1723 supervacuis

140 1741 300 1807 adfectare
321 1761 386 1804 non
406 1750 553 1804 nostrum
575 1749 633 1803 est.
656 1739 744 1802 Ante
765 1736 873 1801 omnia
894 1748 1001 1802 autem
1023 1739 1056 1802 in
1079 1739 1264 1805 universum

142 1853 175 1907 et
197 1863 280 1926 quac
300 1841 343 1905 ad
372 1851 489 1906 cuncta
518 1838 666 1904 arborum
696 1861 814 1924 genera
843 1837 1007 1923 pertinent
1033 1837 1067 1902 in
1095 1861 1262 1918 conmune,

141 1943 182 2007 de
204 1945 293 2008 caelo
314 1954 462 2025 terraque
484 1942 638 2007 dicemus.

182 2043 282 2108 112.
321 2043 482 2128 Aquilone
508 2065 658 2108 muume
685 2043 845 2130 gaudent,
881 2041 1045 2108 densiores
1072 2043 1114 2108 ab
1142 2043 1263 2108 adflatu
1279 2061 1310 2104 ιο

141 2145 212 2210 eius
233 2146 447 2229 laetioresque
476 2155 508 2208 et
529 2145 681 2210 materiae
707 2144 873 2221 firmiores,
901 2165 966 2228 qua
993 2143 1027 2208 in
1055 2165 1089 2209 re
1118 2144 1263 2229 plerique

140 2247 305 2325 falluntur,
328 2269 402 2312 cum
422 2245 456 2310 in
478 2246 580 2311 vineis
595 2247 788 2333 pedamenta
808 2268 873 2311 non
896 2246 960 2310 sint
982 2269 1001 2310 a
1023 2256 1120 2311 vento
1142 2269 1180 2312 ec
1203 2268 1262 2333 op·

140 2349 289 2434 ponenda
310 2359 343 2413 et
363 2347 397 2413 id
419 2357 543 2411 tantum
558 2370 577 2411 a
591 2349 810 2434 septentrione
826 2348 1030 2413 servandum.
1054 2346 1142 2429 Quin
1164 2347 1262 2412 immo

140 2450 333 2537 tempestiva
354 2448 476 2535 frigora
497 2449 682 2535 plurumum
703 2450 854 2514 arborum
875 2448 1017 2514 firmitati
1039 2450 1209 2514 conferunt
1230 2459 1263 2512 et

141 2551 188 2616 sic
215 2559 347 2634 optume
374 2549 564 2636 germinant,
587 2550 649 2615 alia
671 2572 735 2633 qua
756 2550 783 2614 si
806 2548 1011 2613 blandiantur
1032 2550 1144 2628 austri,
1173 2550 1262 2613 defa-

140 2652 303 2729 tiscentes,
326 2673 364 2714 ac
384 2651 489 2739 magis
511 2651 607 2716 etiam
628 2652 662 2716 in
683 2651 803 2716 florem
836 2649 919 2713 Nam
942 2651 969 2714 si
991 2673 1064 2714 cum
1086 2650 1262 2715 defloruere
1278 2667 1304 2709 ιι

140 2752 288 2838 protinus
316 2763 491 2835 sequantur
510 2751 642 2831 imbres,
672 2752 706 2815 in
729 2762 832 2816 totum
852 2772 948 2835 poma
969 2750 1157 2834 depereunt,
1181 2752 1262 2816 adeo

140 2865 178 2919 ut
197 2854 390 2940 amygdalae
412 2865 445 2919 et
466 2854 538 2939 piri,
568 2855 664 2918 etiam
691 2853 719 2918 si
746 2852 876 2917 omnino
897 2852 1043 2917 nubilum
1063 2852 1123 2916 fuit
1145 2852 1260 2916 austri-

140 2978 244 3021 nusve
269 2954 381 3033 flatus,
411 2955 559 3020 amittant
585 2957 680 3020 fetus.
725 2951 822 3020 Circa
849 2953 999 3042 vergilias
1028 2954 1158 3039 quidem
1186 2955 1259 3040 plu-

140 3079 218 3122 vere
250 3055 504 3122 inimicissimum
530 3057 589 3122 viti
617 3069 649 3121 et
675 3057 776 3134 oleae,
810 3057 959 3139 quoniam
986 3068 1055 3120 tum
1082 3058 1184 3122 coitus
1212 3068 1261 3123 est

144 3227 289 3289 CLXXX,
300 3233 380 3280 omitt
390 3232 434 3279 ad.
456 3228 564 3291 CXLV,
577 3231 666 3282 Sachs.
682 3229 818 3281 Geaclticltte
836 3229 879 3280 der
891 3229 964 3282 Stadt
976 3231 1038 3282 Rem
1052 3237 1074 3291 l,
1089 3237 1146 3281 560.
1160 3237 1216 3282 583.
1237 3273 1257 3281 -

137 3304 231 3361 pastea,
243 3295 311 3355 cultu,
325 3299 429 3376 Gesner.
442 3300 468 3347 in
480 3300 614 3348 chrestum.
627 3315 652 3363 p.
666 3303 723 3348 541.
741 3299 830 3348 Postea
840 3298 911 3358 cultu,
923 3295 1013 3362 αᾶβγ.

175 3367 227 3496 {b
253 3364 551 3495 ἰῖγῗῆξοαρίιὶωιη.
564 3449 586 3482 a.
606 3475 636 3482 -
660 3433 807 3493 ita,Tadr.
834 3433 950 3492 itacuim,
962 3429 991 3493 β.
1012 3475 1042 3482 -
1070 3433 1137 3493 uude,
1150 3450 1173 3484 a.
1200 3433 1262 3495 inde,

141 3500 212 3549 Tdr.
232 3540 262 3549 ..
279 3499 492 3562 primo-nomeu,
504 3502 571 3551 dclst
582 3503 650 3551 Pint.
671 3542 701 3550 -
719 3501 826 3566 sinpulas
837 3500 907 3550 siclcs
918 3501 989 3562 aeris,
1000 3503 1033 3552 Κ.

175 3585 226 3648 58.
245 3583 384 3646 futurame,
397 3599 420 3634 a.
442 3593 589 3646 venturasne,
605 3577 705 3648 OTdr.
725 3627 755 3634 ..
779 3583 923 3646 credidisset,
936 3586 981 3634 sd.
1002 3627 1032 3634 -
1054 3590 1141 3650 suffia.
1160 3628 1189 3635 ,
1215 3587 1262 3649 qui,

141 3667 165 3700 a.
183 3650 225 3713 qm'
235 3649 279 3712 uel,
292 3653 345 3701 Td.
358 3693 389 3702 ..
402 3652 558 3716 smyiserum,
572 3655 607 3702 ab
621 3695 652 3702 -
672 3660 769 3713 tautum,
782 3657 817 3702 a'.
831 3694 861 3702 -
882 3661 1043 3714 tuesaueraut,
1055 3657 1091 3703 a¹.
1110 3661 1262 3713 amoveant,

142 3713 273 3768 8Ta2dr.
294 3761 324 3768 -
343 3734 495 3780 rtummcrum,
508 3722 532 3769 d.
552 3761 582 3769 -
601 3721 710 3781 maiores,
722 3738 745 3770 a.

175 3801 227 3864 59.
254 3802 359 3864 de'cimus,
372 3821 395 3855 a.
414 3846 445 3854 ..
469 3821 579 3868 quonam,
592 3806 654 3855 TK.
677 3811 731 3868 qud,
743 3821 766 3854 a.
789 3820 843 3867 quc,
856 3801 928 3869 ᾱβγ.
952 3847 982 3855 ..
1007 3805 1170 3864 tractavimus,
1184 3819 1206 3852 a.
1230 3845 1261 3853 .-

140 3871 220 3920 auimo
232 3870 385 3933 advertimus,
398 3865 475 3922 OTa.
494 3871 710 3932 animadvertimus,
722 3867 793 3935 (ἱβγ.
807 3913 837 3922 ..
858 3871 882 3922 iu
890 3873 1051 3936 supervacuis,
1061 3877 1085 3923 d.
1102 3870 1262 3934 superuacua,

141 3954 164 3988 a.
183 3979 214 3989 ..
233 3946 320 4000 autera,
332 3942 377 3990 ad.
395 3935 543 4003 Omittssr.
562 3981 593 3989 ..
612 3938 719 4001 dicium,
731 3956 754 3989 a.

175 4025 243 4086 510.
263 4023 451 4085 finuiaremd.
467 4020 656 4088 firmioria,ssy.
681 4026 883 4079 Vedianas.
908 4066 939 4074 -
963 4041 1035 4085 ea,a.
1055 4063 1085 4070 -
1107 4020 1261 4085 ponendad.

142 4131 173 4139 ..
191 4089 301 4153 altaque,
314 4107 337 4140 a.
355 4089 453 4154 alioqui,
466 4087 535 4156 dssr.
555 4133 585 4142 ..
605 4090 771 4154 defetisceutes,
783 4095 807 4141 d
827 4133 858 4140 -
868 4091 966 4155 flerem,
978 4093 1039 4140 adr.
1050 4089 1122 4152 flere,
1133 4085 1185 4156 βγ.

175 4175 244 4236 §ll-
271 4183 409 4238 sequautur,
422 4178 465 4225 ad.
488 4183 622 4238 sequuntur,
635 4191 676 4240 rr.
696 4217 727 4224 -
742 4175 830 4238 suerit,
843 4178 867 4224 d.
888 4216 917 4223 -
940 4173 1045 4238 mouere,
1057 4175 1093 4224 ita
1103 4190 1151 4226 nos
1163 4178 1262 4241 scripsi-

140 4257 206 4291 mus.
224 4240 331 4306 pulvere,
343 4244 396 4296 Da
411 4240 503 4306 pluere,
516 4237 587 4307 dssr.
606 4284 637 4294 -
657 4251 712 4304 tum,
724 4245 769 4294 ad.
788 4250 850 4303 tuuc,
860 4236 912 4306 βγ.
