<?xml version="1.0" encoding="UTF-8"?>
<!DOCTYPE html PUBLIC "-//W3C//DTD XHTML 1.0 Transitional//EN"
    "http://www.w3.org/TR/xhtml1/DTD/xhtml1-transitional.dtd">
<html xmlns="http://www.w3.org/1999/xhtml" xml:lang="en" lang="en">
 <head>
  <title>
</title>
<meta http-equiv="Content-Type" content="text/html;charset=utf-8" />
  <meta name='ocr-system' content='tesseract 3.04.00' />
  <meta name='ocr-capabilities' content='ocr_page ocr_carea ocr_par ocr_line ocrx_word'/>
</head>
<body>
  <div class='ocr_page' id='page_1' title='image "./cplinisecundina11plingoog_0013.png"; bbox 0 0 2896 4792; ppageno 0'>
   <div class='ocr_carea' id='block_1_1' title="bbox 173 323 949 385">
    <p class='ocr_par' dir='ltr' id='par_1_1' title="bbox 173 323 949 385">
     <span class='ocr_line' id='line_1_1' title="bbox 173 323 949 385; baseline -0.006 0"><span class='ocrx_word' id='word_1_1' title='bbox 173 323 195 385; x_wconf 85' lang='lat'>4</span> <span class='ocrx_word' id='word_1_2' title='bbox 528 335 732 383; x_wconf 76' lang='lat' dir='ltr'>urrunsms</span> <span class='ocrx_word' id='word_1_3' title='bbox 754 335 949 383; x_wconf 75' lang='lat' dir='ltr'>msromnu</span> 
     </span>
    </p>
   </div>
   <div class='ocr_carea' id='block_1_2' title="bbox 172 484 1340 1982">
    <p class='ocr_par' dir='ltr' id='par_1_2' title="bbox 172 484 1294 856">
     <span class='ocr_line' id='line_1_2' title="bbox 172 484 1293 572; baseline -0.002 -19"><span class='ocrx_word' id='word_1_4' title='bbox 172 511 231 555; x_wconf 87' lang='lat' dir='ltr'>uec</span> <span class='ocrx_word' id='word_1_5' title='bbox 254 486 392 552; x_wconf 90' lang='lat' dir='ltr'>instituti</span> <span class='ocrx_word' id='word_1_6' title='bbox 413 486 521 570; x_wconf 90' lang='lat' dir='ltr'>operis</span> <span class='ocrx_word' id='word_1_7' title='bbox 543 485 710 562; x_wconf 78' lang='lat' dir='ltr'>disserere,</span> <span class='ocrx_word' id='word_1_8' title='bbox 733 485 805 570; x_wconf 93' lang='lat' dir='ltr'>quis</span> <span class='ocrx_word' id='word_1_9' title='bbox 819 506 980 569; x_wconf 91' lang='lat' dir='ltr'>quamque</span> <span class='ocrx_word' id='word_1_10' title='bbox 994 484 1211 550; x_wconf 87' lang='lat' dir='ltr'>Romanorum</span> <span class='ocrx_word' id='word_1_11' title='bbox 1225 485 1293 572; x_wconf 90' lang='lat' dir='ltr'>pri-</span> 
     </span>
     <span class='ocr_line' id='line_1_3' title="bbox 173 583 1294 671; baseline -0.001 -17"><span class='ocrx_word' id='word_1_12' title='bbox 173 612 245 654; x_wconf 92' lang='lat' dir='ltr'>mus</span> <span class='ocrx_word' id='word_1_13' title='bbox 279 585 438 671; x_wconf 85' lang='lat' dir='ltr'>acceperit</span> <span class='ocrx_word' id='word_1_14' title='bbox 445 608 454 660; x_wconf 92' lang='lat'>;</span> <span class='ocrx_word' id='word_1_15' title='bbox 487 606 592 668; x_wconf 88' lang='lat' dir='ltr'>neque</span> <span class='ocrx_word' id='word_1_16' title='bbox 624 585 709 650; x_wconf 91' lang='lat' dir='ltr'>enim</span> <span class='ocrx_word' id='word_1_17' title='bbox 735 584 815 649; x_wconf 83' lang='lat' dir='ltr'>alias</span> <span class='ocrx_word' id='word_1_18' title='bbox 844 594 998 650; x_wconf 84' lang='lat' dir='ltr'>noverant</span> <span class='ocrx_word' id='word_1_19' title='bbox 1026 606 1121 668; x_wconf 88' lang='lat' dir='ltr'>quam</span> <span class='ocrx_word' id='word_1_20' title='bbox 1152 583 1294 653; x_wconf 86' lang='lat' dir='ltr'>bellicas.</span> 
     </span>
     <span class='ocr_line' id='line_1_4' title="bbox 172 685 1294 772; baseline -0.003 -18"><span class='ocrx_word' id='word_1_21' title='bbox 172 689 270 772; x_wconf 82' lang='lat' dir='ltr'>Quod</span> <span class='ocrx_word' id='word_1_22' title='bbox 293 696 416 753; x_wconf 91' lang='lat' dir='ltr'>certum</span> <span class='ocrx_word' id='word_1_23' title='bbox 438 696 497 764; x_wconf 89' lang='lat' dir='ltr'>est,</span> <span class='ocrx_word' id='word_1_24' title='bbox 520 686 577 750; x_wconf 92' lang='lat' dir='ltr'>uni</span> <span class='ocrx_word' id='word_1_25' title='bbox 598 685 744 771; x_wconf 84' lang='lat' dir='ltr'>gentium</span> <span class='ocrx_word' id='word_1_26' title='bbox 765 685 841 751; x_wconf 91' lang='lat' dir='ltr'>huic</span> <span class='ocrx_word' id='word_1_27' title='bbox 862 685 955 769; x_wconf 89' lang='lat' dir='ltr'>plura</span> <span class='ocrx_word' id='word_1_28' title='bbox 976 695 1051 750; x_wconf 85' lang='lat' dir='ltr'>sunt</span> <span class='ocrx_word' id='word_1_29' title='bbox 1064 707 1183 772; x_wconf 80' lang='lat' dir='ltr'>genera</span> <span class='ocrx_word' id='word_1_30' title='bbox 1197 708 1294 770; x_wconf 89' lang='lat' dir='ltr'>quam</span> 
     </span>
     <span class='ocr_line' id='line_1_5' title="bbox 172 790 307 856; baseline -0.03 0"><span class='ocrx_word' id='word_1_31' title='bbox 172 790 307 856; x_wconf 89' lang='lat' dir='ltr'>cunctis.</span> 
     </span>
    </p>

    <p class='ocr_par' dir='ltr' id='par_1_3' title="bbox 172 884 1340 1982">
     <span class='ocr_line' id='line_1_6' title="bbox 215 884 1337 971; baseline -0.007 -17"><span class='ocrx_word' id='word_1_32' title='bbox 215 890 245 954; x_wconf 87' lang='lat'>5.</span> <span class='ocrx_word' id='word_1_33' title='bbox 275 889 430 954; x_wconf 85' lang='lat' dir='ltr'>Romulus</span> <span class='ocrx_word' id='word_1_34' title='bbox 458 885 593 952; x_wconf 88' lang='lat' dir='ltr'>frondea</span> <span class='ocrx_word' id='word_1_35' title='bbox 622 886 786 951; x_wconf 82' lang='lat' dir='ltr'><strong>coronavit</strong></span> <span class='ocrx_word' id='word_1_36' title='bbox 815 884 957 950; x_wconf 92' lang='lat' dir='ltr'>Hostum</span> <span class='ocrx_word' id='word_1_37' title='bbox 983 884 1174 962; x_wconf 90' lang='lat' dir='ltr'>Hostilium,</span> <span class='ocrx_word' id='word_1_38' title='bbox 1208 886 1294 971; x_wconf 92' lang='lat' dir='ltr'>quod</span> <span class='ocrx_word' id='word_1_39' title='bbox 1309 902 1337 946; x_wconf 83' lang='grc' dir='ltr'>ιι</span> 
     </span>
     <span class='ocr_line' id='line_1_7' title="bbox 172 984 1293 1076; baseline -0.004 -22"><span class='ocrx_word' id='word_1_40' title='bbox 172 989 329 1054; x_wconf 80' lang='lat' dir='ltr'>Fidenam</span> <span class='ocrx_word' id='word_1_41' title='bbox 350 988 475 1076; x_wconf 89' lang='lat' dir='ltr'>primus</span> <span class='ocrx_word' id='word_1_42' title='bbox 496 986 689 1072; x_wconf 88' lang='lat' dir='ltr'>inrupisset;</span> <span class='ocrx_word' id='word_1_43' title='bbox 712 1008 790 1051; x_wconf 88' lang='lat' dir='ltr'>avos</span> <span class='ocrx_word' id='word_1_44' title='bbox 811 985 863 1051; x_wconf 91' lang='lat' dir='ltr'>hic</span> <span class='ocrx_word' id='word_1_45' title='bbox 876 985 963 1050; x_wconf 81' lang='lat' dir='ltr'>Tulli</span> <span class='ocrx_word' id='word_1_46' title='bbox 977 984 1098 1050; x_wconf 83' lang='lat' dir='ltr'>Hostili</span> <span class='ocrx_word' id='word_1_47' title='bbox 1116 987 1204 1074; x_wconf 87' lang='lat' dir='ltr'>regis</span> <span class='ocrx_word' id='word_1_48' title='bbox 1224 987 1293 1052; x_wconf 81' lang='lat' dir='ltr'>fuit.</span> 
     </span>
     <span class='ocr_line' id='line_1_8' title="bbox 172 1086 1294 1175; baseline -0.004 -21"><span class='ocrx_word' id='word_1_49' title='bbox 172 1089 210 1155; x_wconf 90' lang='lat' dir='ltr'>P.</span> <span class='ocrx_word' id='word_1_50' title='bbox 231 1089 371 1156; x_wconf 82' lang='lat' dir='ltr'>Decium</span> <span class='ocrx_word' id='word_1_51' title='bbox 393 1100 519 1175; x_wconf 89' lang='lat' dir='ltr'>patrem</span> <span class='ocrx_word' id='word_1_52' title='bbox 540 1086 704 1151; x_wconf 89' lang='lat' dir='ltr'>tribunum</span> <span class='ocrx_word' id='word_1_53' title='bbox 728 1086 864 1151; x_wconf 90' lang='lat' dir='ltr'>militum</span> <span class='ocrx_word' id='word_1_54' title='bbox 890 1087 1023 1152; x_wconf 86' lang='lat' dir='ltr'>frondea</span> <span class='ocrx_word' id='word_1_55' title='bbox 1050 1087 1180 1152; x_wconf 89' lang='lat' dir='ltr'>donavit</span> <span class='ocrx_word' id='word_1_56' title='bbox 1201 1110 1294 1153; x_wconf 86' lang='lat' dir='ltr'>exer-</span> 
     </span>
     <span class='ocr_line' id='line_1_9' title="bbox 173 1185 1295 1273; baseline -0.004 -16"><span class='ocrx_word' id='word_1_57' title='bbox 173 1192 257 1258; x_wconf 90' lang='lat' dir='ltr'>citus</span> <span class='ocrx_word' id='word_1_58' title='bbox 271 1191 312 1257; x_wconf 91' lang='lat' dir='ltr'>ab</span> <span class='ocrx_word' id='word_1_59' title='bbox 328 1213 365 1256; x_wconf 88' lang='lat' dir='ltr'>eo</span> <span class='ocrx_word' id='word_1_60' title='bbox 380 1200 527 1255; x_wconf 87' lang='lat' dir='ltr'>servatus</span> <span class='ocrx_word' id='word_1_61' title='bbox 541 1189 723 1273; x_wconf 82' lang='lat' dir='ltr'>inperatore</span> <span class='ocrx_word' id='word_1_62' title='bbox 739 1185 888 1254; x_wconf 81' lang='lat' dir='ltr'>Cornelio</span> <span class='ocrx_word' id='word_1_63' title='bbox 905 1185 1007 1252; x_wconf 88' lang='lat' dir='ltr'>Cosso</span> <span class='ocrx_word' id='word_1_64' title='bbox 1022 1189 1153 1254; x_wconf 89' lang='lat' dir='ltr'>consule</span> <span class='ocrx_word' id='word_1_65' title='bbox 1170 1186 1295 1252; x_wconf 86' lang='lat' dir='ltr'>Samni·</span> 
     </span>
     <span class='ocr_line' id='line_1_10' title="bbox 174 1288 1295 1378; baseline -0.004 -22"><span class='ocrx_word' id='word_1_66' title='bbox 174 1290 254 1358; x_wconf 91' lang='lat' dir='ltr'>tium</span> <span class='ocrx_word' id='word_1_67' title='bbox 267 1291 360 1356; x_wconf 89' lang='lat' dir='ltr'>bello.</span> <span class='ocrx_word' id='word_1_68' title='bbox 384 1289 497 1356; x_wconf 87' lang='lat' dir='ltr'>Civica</span> <span class='ocrx_word' id='word_1_69' title='bbox 511 1290 611 1376; x_wconf 82' lang='lat' dir='ltr'>iligna</span> <span class='ocrx_word' id='word_1_70' title='bbox 632 1289 734 1375; x_wconf 91' lang='lat' dir='ltr'>primo</span> <span class='ocrx_word' id='word_1_71' title='bbox 755 1290 826 1366; x_wconf 84' lang='lat' dir='ltr'>suit,</span> <span class='ocrx_word' id='word_1_72' title='bbox 849 1300 963 1373; x_wconf 88' lang='lat' dir='ltr'>postea</span> <span class='ocrx_word' id='word_1_73' title='bbox 985 1288 1088 1378; x_wconf 87' lang='lat' dir='ltr'>magis</span> <span class='ocrx_word' id='word_1_74' title='bbox 1110 1289 1232 1376; x_wconf 80' lang='lat' dir='ltr'>placuit</span> <span class='ocrx_word' id='word_1_75' title='bbox 1254 1313 1295 1358; x_wconf 85' lang='lat' dir='ltr'>ex</span> 
     </span>
     <span class='ocr_line' id='line_1_11' title="bbox 173 1389 1295 1474; baseline -0.004 -15"><span class='ocrx_word' id='word_1_76' title='bbox 173 1393 300 1459; x_wconf 86' lang='lat' dir='ltr'>aesculo</span> <span class='ocrx_word' id='word_1_77' title='bbox 321 1391 392 1457; x_wconf 90' lang='lat' dir='ltr'>Iovi</span> <span class='ocrx_word' id='word_1_78' title='bbox 415 1413 520 1467; x_wconf 85' lang='lat' dir='ltr'>sacra3</span> <span class='ocrx_word' id='word_1_79' title='bbox 550 1389 770 1474; x_wconf 87' lang='lat' dir='ltr'>variatumque</span> <span class='ocrx_word' id='word_1_80' title='bbox 792 1401 824 1454; x_wconf 87' lang='lat' dir='ltr'>et</span> <span class='ocrx_word' id='word_1_81' title='bbox 846 1412 918 1456; x_wconf 91' lang='lat' dir='ltr'>cum</span> <span class='ocrx_word' id='word_1_82' title='bbox 940 1412 1062 1474; x_wconf 88' lang='lat' dir='ltr'>quercu</span> <span class='ocrx_word' id='word_1_83' title='bbox 1089 1400 1138 1455; x_wconf 89' lang='lat' dir='ltr'>est</span> <span class='ocrx_word' id='word_1_84' title='bbox 1159 1413 1197 1454; x_wconf 91' lang='lat' dir='ltr'>ac</span> <span class='ocrx_word' id='word_1_85' title='bbox 1219 1391 1295 1454; x_wconf 89' lang='lat' dir='ltr'>data</span> 
     </span>
     <span class='ocr_line' id='line_1_12' title="bbox 173 1489 1340 1579; baseline -0.009 -19"><span class='ocrx_word' id='word_1_86' title='bbox 173 1495 292 1579; x_wconf 89' lang='lat' dir='ltr'>ubique</span> <span class='ocrx_word' id='word_1_87' title='bbox 315 1515 396 1578; x_wconf 89' lang='lat' dir='ltr'>quae</span> <span class='ocrx_word' id='word_1_88' title='bbox 418 1492 535 1570; x_wconf 88' lang='lat' dir='ltr'>fuerat,</span> <span class='ocrx_word' id='word_1_89' title='bbox 559 1490 717 1557; x_wconf 89' lang='lat' dir='ltr'>custodito</span> <span class='ocrx_word' id='word_1_90' title='bbox 740 1501 863 1554; x_wconf 89' lang='lat' dir='ltr'>tantum</span> <span class='ocrx_word' id='word_1_91' title='bbox 884 1490 1003 1555; x_wconf 91' lang='lat' dir='ltr'>honore</span> <span class='ocrx_word' id='word_1_92' title='bbox 1025 1490 1162 1576; x_wconf 84' lang='lat' dir='ltr'>glandis.</span> <span class='ocrx_word' id='word_1_93' title='bbox 1186 1489 1340 1554; x_wconf 76' lang='lat' dir='ltr'>Adai-12</span> 
     </span>
     <span class='ocr_line' id='line_1_13' title="bbox 173 1584 1294 1682; baseline -0.003 -22"><span class='ocrx_word' id='word_1_94' title='bbox 173 1606 223 1660; x_wconf 83' lang='lat' dir='ltr'>tae</span> <span class='ocrx_word' id='word_1_95' title='bbox 244 1595 333 1682; x_wconf 84' lang='lat' dir='ltr'>leges</span> <span class='ocrx_word' id='word_1_96' title='bbox 355 1605 444 1659; x_wconf 86' lang='lat' dir='ltr'>artae</span> <span class='ocrx_word' id='word_1_97' title='bbox 467 1584 500 1659; x_wconf 82' lang='lat' dir='ltr'>et</span> <span class='ocrx_word' id='word_1_98' title='bbox 520 1592 593 1657; x_wconf 93' lang='lat' dir='ltr'>ideo</span> <span class='ocrx_word' id='word_1_99' title='bbox 615 1592 771 1676; x_wconf 82' lang='lat' dir='ltr'>superbae</span> <span class='ocrx_word' id='word_1_100' title='bbox 793 1613 936 1675; x_wconf 87' lang='lat' dir='ltr'>quasque</span> <span class='ocrx_word' id='word_1_101' title='bbox 951 1591 1095 1656; x_wconf 84' lang='lat' dir='ltr'>conferre</span> <span class='ocrx_word' id='word_1_102' title='bbox 1109 1591 1207 1658; x_wconf 91' lang='lat' dir='ltr'>libeat</span> <span class='ocrx_word' id='word_1_103' title='bbox 1220 1614 1294 1657; x_wconf 91' lang='lat' dir='ltr'>cum</span> 
     </span>
     <span class='ocr_line' id='line_1_14' title="bbox 173 1691 1294 1778; baseline -0.003 -17"><span class='ocrx_word' id='word_1_104' title='bbox 173 1696 227 1762; x_wconf 88' lang='lat' dir='ltr'>illa</span> <span class='ocrx_word' id='word_1_105' title='bbox 243 1694 444 1761; x_wconf 87' lang='lat' dir='ltr'>Graecorum</span> <span class='ocrx_word' id='word_1_106' title='bbox 465 1715 590 1758; x_wconf 86' lang='lat' dir='ltr'>summa</span> <span class='ocrx_word' id='word_1_107' title='bbox 610 1713 693 1775; x_wconf 86' lang='lat' dir='ltr'>quae</span> <span class='ocrx_word' id='word_1_108' title='bbox 716 1692 775 1757; x_wconf 92' lang='lat' dir='ltr'>sub</span> <span class='ocrx_word' id='word_1_109' title='bbox 797 1691 869 1778; x_wconf 89' lang='lat' dir='ltr'>ipso</span> <span class='ocrx_word' id='word_1_110' title='bbox 883 1691 961 1757; x_wconf 87' lang='lat' dir='ltr'>Iove</span> <span class='ocrx_word' id='word_1_111' title='bbox 981 1693 1076 1758; x_wconf 89' lang='lat' dir='ltr'>datur</span> <span class='ocrx_word' id='word_1_112' title='bbox 1093 1694 1208 1777; x_wconf 90' lang='lat' dir='ltr'>cuique</span> <span class='ocrx_word' id='word_1_113' title='bbox 1222 1716 1294 1758; x_wconf 92' lang='lat' dir='ltr'>mu·</span> 
     </span>
     <span class='ocr_line' id='line_1_15' title="bbox 173 1786 1294 1882; baseline -0.002 -20"><span class='ocrx_word' id='word_1_114' title='bbox 173 1786 228 1862; x_wconf 75' lang='lat' dir='ltr'>ros</span> <span class='ocrx_word' id='word_1_115' title='bbox 249 1796 354 1882; x_wconf 89' lang='lat' dir='ltr'>patria</span> <span class='ocrx_word' id='word_1_116' title='bbox 374 1794 523 1882; x_wconf 86' lang='lat' dir='ltr'>gaudens</span> <span class='ocrx_word' id='word_1_117' title='bbox 544 1794 680 1878; x_wconf 87' lang='lat' dir='ltr'>rumpit:</span> <span class='ocrx_word' id='word_1_118' title='bbox 709 1793 811 1858; x_wconf 87' lang='lat' dir='ltr'>civem</span> <span class='ocrx_word' id='word_1_119' title='bbox 834 1815 972 1871; x_wconf 84' lang='lat' dir='ltr'>servare,</span> <span class='ocrx_word' id='word_1_120' title='bbox 994 1793 1118 1860; x_wconf 90' lang='lat' dir='ltr'>hostem</span> <span class='ocrx_word' id='word_1_121' title='bbox 1138 1795 1294 1874; x_wconf 85' lang='lat' dir='ltr'>occidere,</span> 
     </span>
     <span class='ocr_line' id='line_1_16' title="bbox 175 1892 1294 1982; baseline -0.003 -18"><span class='ocrx_word' id='word_1_122' title='bbox 175 1908 273 1982; x_wconf 90' lang='lat' dir='ltr'>utque</span> <span class='ocrx_word' id='word_1_123' title='bbox 302 1921 375 1963; x_wconf 90' lang='lat' dir='ltr'>eum</span> <span class='ocrx_word' id='word_1_124' title='bbox 401 1897 507 1962; x_wconf 86' lang='lat' dir='ltr'>locum</span> <span class='ocrx_word' id='word_1_125' title='bbox 536 1894 571 1958; x_wconf 89' lang='lat' dir='ltr'>in</span> <span class='ocrx_word' id='word_1_126' title='bbox 598 1915 662 1977; x_wconf 90' lang='lat' dir='ltr'>quo</span> <span class='ocrx_word' id='word_1_127' title='bbox 691 1893 733 1958; x_wconf 91' lang='lat' dir='ltr'>sit</span> <span class='ocrx_word' id='word_1_128' title='bbox 753 1904 860 1959; x_wconf 87' lang='lat' dir='ltr'>actum</span> <span class='ocrx_word' id='word_1_129' title='bbox 882 1892 984 1960; x_wconf 90' lang='lat' dir='ltr'>hostis</span> <span class='ocrx_word' id='word_1_130' title='bbox 1005 1895 1148 1981; x_wconf 89' lang='lat' dir='ltr'>optineat</span> <span class='ocrx_word' id='word_1_131' title='bbox 1170 1919 1209 1961; x_wconf 95' lang='lat' dir='ltr'>eo</span> <span class='ocrx_word' id='word_1_132' title='bbox 1231 1895 1294 1974; x_wconf 92' lang='lat' dir='ltr'>die,</span> 
     </span>
    </p>
   </div>
   <div class='ocr_carea' id='block_1_3' title="bbox 73 1993 1296 2081">
    <p class='ocr_par' dir='ltr' id='par_1_4' title="bbox 73 1993 1296 2081">
     <span class='ocr_line' id='line_1_17' title="bbox 73 1993 1296 2081; baseline 0 -18"><span class='ocrx_word' id='word_1_133' title='bbox 73 2041 77 2047; x_wconf 88' lang='lat'><em>-</em></span> <span class='ocrx_word' id='word_1_134' title='bbox 174 2008 211 2063; x_wconf 91' lang='lat' dir='ltr'>ut</span> <span class='ocrx_word' id='word_1_135' title='bbox 234 2008 382 2064; x_wconf 85' lang='lat' dir='ltr'>servatus</span> <span class='ocrx_word' id='word_1_136' title='bbox 402 1997 550 2072; x_wconf 78' lang='lat' dir='ltr'>fateatur,</span> <span class='ocrx_word' id='word_1_137' title='bbox 565 2050 604 2058; x_wconf 89' lang='lat'>..</span> <span class='ocrx_word' id='word_1_138' title='bbox 626 1993 705 2058; x_wconf 87' lang='lat' dir='ltr'>alias</span> <span class='ocrx_word' id='word_1_139' title='bbox 727 2005 825 2060; x_wconf 88' lang='lat' dir='ltr'>testes</span> <span class='ocrx_word' id='word_1_140' title='bbox 848 1994 927 2060; x_wconf 92' lang='lat' dir='ltr'>nihil</span> <span class='ocrx_word' id='word_1_141' title='bbox 948 2006 1093 2081; x_wconf 88' lang='lat' dir='ltr'>prosunt,</span> <span class='ocrx_word' id='word_1_142' title='bbox 1109 2051 1149 2076; x_wconf 48' lang='lat'><strong><em>‚</em></strong></span> <span class='ocrx_word' id='word_1_143' title='bbox 1164 1998 1202 2061; x_wconf 89' lang='lat' dir='ltr'>ut</span> <span class='ocrx_word' id='word_1_144' title='bbox 1216 1997 1296 2063; x_wconf 88' lang='lat' dir='ltr'>civis</span> 
     </span>
    </p>
   </div>
   <div class='ocr_carea' id='block_1_4' title="bbox 174 2095 1392 2893">
    <p class='ocr_par' dir='ltr' id='par_1_5' title="bbox 174 2095 1392 2893">
     <span class='ocr_line' id='line_1_18' title="bbox 176 2095 1392 2182; baseline -0.002 -16"><span class='ocrx_word' id='word_1_145' title='bbox 176 2099 283 2166; x_wconf 85' lang='lat' dir='ltr'>fuerit.</span> <span class='ocrx_word' id='word_1_146' title='bbox 320 2097 454 2162; x_wconf 86' lang='lat' dir='ltr'>Auxilia</span> <span class='ocrx_word' id='word_1_147' title='bbox 480 2095 626 2181; x_wconf 87' lang='lat' dir='ltr'>quamvis</span> <span class='ocrx_word' id='word_1_148' title='bbox 653 2118 730 2182; x_wconf 85' lang='lat' dir='ltr'>rege</span> <span class='ocrx_word' id='word_1_149' title='bbox 757 2106 883 2162; x_wconf 86' lang='lat' dir='ltr'>servato</span> <span class='ocrx_word' id='word_1_150' title='bbox 909 2096 1008 2161; x_wconf 87' lang='lat' dir='ltr'>decus</span> <span class='ocrx_word' id='word_1_151' title='bbox 1033 2118 1096 2162; x_wconf 91' lang='lat' dir='ltr'>non</span> <span class='ocrx_word' id='word_1_152' title='bbox 1119 2096 1206 2176; x_wconf 88' lang='lat' dir='ltr'>dant,</span> <span class='ocrx_word' id='word_1_153' title='bbox 1235 2119 1295 2163; x_wconf 92' lang='lat' dir='ltr'>nec</span> <span class='ocrx_word' id='word_1_154' title='bbox 1309 2109 1340 2153; x_wconf 76' lang='lat'>1³</span> <span class='ocrx_word' id='word_1_155' title='bbox 1388 2101 1392 2105; x_wconf 76' lang='grc'><strong>’</strong></span> 
     </span>
     <span class='ocr_line' id='line_1_19' title="bbox 176 2197 1295 2284; baseline -0.002 -18"><span class='ocrx_word' id='word_1_156' title='bbox 176 2199 293 2266; x_wconf 89' lang='lat' dir='ltr'>crescit</span> <span class='ocrx_word' id='word_1_157' title='bbox 312 2201 413 2265; x_wconf 91' lang='lat' dir='ltr'>honos</span> <span class='ocrx_word' id='word_1_158' title='bbox 433 2198 519 2264; x_wconf 92' lang='lat' dir='ltr'>idem</span> <span class='ocrx_word' id='word_1_159' title='bbox 532 2197 713 2284; x_wconf 90' lang='lat' dir='ltr'>inperatore</span> <span class='ocrx_word' id='word_1_160' title='bbox 729 2209 926 2277; x_wconf 87' lang='lat' dir='ltr'>conservato,</span> <span class='ocrx_word' id='word_1_161' title='bbox 949 2198 1099 2282; x_wconf 89' lang='lat' dir='ltr'>quoniam</span> <span class='ocrx_word' id='word_1_162' title='bbox 1114 2198 1295 2264; x_wconf 91' lang='lat' dir='ltr'>conditores</span> 
     </span>
     <span class='ocr_line' id='line_1_20' title="bbox 174 2297 1297 2392; baseline -0.003 -27"><span class='ocrx_word' id='word_1_163' title='bbox 174 2302 209 2392; x_wconf 81' lang='lat' dir='ltr'>in</span> <span class='ocrx_word' id='word_1_164' title='bbox 234 2322 437 2385; x_wconf 89' lang='lat' dir='ltr'>quocumque</span> <span class='ocrx_word' id='word_1_165' title='bbox 464 2298 567 2364; x_wconf 87' lang='lat' dir='ltr'>civem</span> <span class='ocrx_word' id='word_1_166' title='bbox 595 2322 753 2364; x_wconf 92' lang='lat' dir='ltr'>summum</span> <span class='ocrx_word' id='word_1_167' title='bbox 781 2322 854 2365; x_wconf 91' lang='lat' dir='ltr'>esse</span> <span class='ocrx_word' id='word_1_168' title='bbox 883 2299 1022 2365; x_wconf 89' lang='lat' dir='ltr'>voluere.</span> <span class='ocrx_word' id='word_1_169' title='bbox 1057 2297 1203 2385; x_wconf 88' lang='lat' dir='ltr'>Accepta</span> <span class='ocrx_word' id='word_1_170' title='bbox 1223 2298 1297 2363; x_wconf 88' lang='lat' dir='ltr'>licet</span> 
     </span>
     <span class='ocr_line' id='line_1_21' title="bbox 175 2398 1296 2488; baseline -0.004 -21"><span class='ocrx_word' id='word_1_171' title='bbox 175 2402 223 2467; x_wconf 91' lang='lat' dir='ltr'>uti</span> <span class='ocrx_word' id='word_1_172' title='bbox 244 2412 411 2488; x_wconf 88' lang='lat' dir='ltr'>perpetuo.</span> <span class='ocrx_word' id='word_1_173' title='bbox 433 2399 539 2464; x_wconf 90' lang='lat' dir='ltr'>Ludis</span> <span class='ocrx_word' id='word_1_174' title='bbox 560 2399 685 2466; x_wconf 91' lang='lat' dir='ltr'>ineunti</span> <span class='ocrx_word' id='word_1_175' title='bbox 708 2422 835 2485; x_wconf 89' lang='lat' dir='ltr'>semper</span> <span class='ocrx_word' id='word_1_176' title='bbox 856 2399 989 2485; x_wconf 85' lang='lat' dir='ltr'>adsurgi</span> <span class='ocrx_word' id='word_1_177' title='bbox 1011 2398 1106 2464; x_wconf 89' lang='lat' dir='ltr'>etiam</span> <span class='ocrx_word' id='word_1_178' title='bbox 1126 2398 1168 2464; x_wconf 88' lang='lat' dir='ltr'>ab</span> <span class='ocrx_word' id='word_1_179' title='bbox 1183 2410 1296 2464; x_wconf 84' lang='lat' dir='ltr'>senatu</span> 
     </span>
     <span class='ocr_line' id='line_1_22' title="bbox 176 2498 1295 2587; baseline -0.002 -21"><span class='ocrx_word' id='word_1_180' title='bbox 176 2502 209 2566; x_wconf 93' lang='lat' dir='ltr'>in</span> <span class='ocrx_word' id='word_1_181' title='bbox 230 2524 318 2577; x_wconf 88' lang='lat' dir='ltr'>more</span> <span class='ocrx_word' id='word_1_182' title='bbox 341 2512 391 2568; x_wconf 85' lang='lat' dir='ltr'>est</span> <span class='ocrx_word' id='word_1_183' title='bbox 398 2527 407 2578; x_wconf 85' lang='lat'><em>3</em></span> <span class='ocrx_word' id='word_1_184' title='bbox 433 2500 566 2567; x_wconf 90' lang='lat' dir='ltr'>sedendi</span> <span class='ocrx_word' id='word_1_185' title='bbox 586 2502 638 2565; x_wconf 93' lang='lat' dir='ltr'>ius</span> <span class='ocrx_word' id='word_1_186' title='bbox 659 2501 691 2566; x_wconf 92' lang='lat' dir='ltr'>in</span> <span class='ocrx_word' id='word_1_187' title='bbox 715 2523 872 2587; x_wconf 82' lang='lat' dir='ltr'>proxumo</span> <span class='ocrx_word' id='word_1_188' title='bbox 896 2499 1031 2567; x_wconf 90' lang='lat' dir='ltr'>senatui.</span> <span class='ocrx_word' id='word_1_189' title='bbox 1065 2498 1201 2566; x_wconf 85' lang='lat' dir='ltr'>Vacatio</span> <span class='ocrx_word' id='word_1_190' title='bbox 1223 2522 1295 2565; x_wconf 92' lang='lat' dir='ltr'>mu-</span> 
     </span>
     <span class='ocr_line' id='line_1_23' title="bbox 176 2599 1342 2689; baseline -0.001 -22"><span class='ocrx_word' id='word_1_191' title='bbox 176 2625 288 2669; x_wconf 91' lang='lat' dir='ltr'>nerum</span> <span class='ocrx_word' id='word_1_192' title='bbox 310 2602 451 2670; x_wconf 91' lang='lat' dir='ltr'>omnium</span> <span class='ocrx_word' id='word_1_193' title='bbox 472 2602 534 2689; x_wconf 91' lang='lat' dir='ltr'>ipsi</span> <span class='ocrx_word' id='word_1_194' title='bbox 555 2601 704 2688; x_wconf 88' lang='lat' dir='ltr'>patrique</span> <span class='ocrx_word' id='word_1_195' title='bbox 726 2613 759 2669; x_wconf 89' lang='lat' dir='ltr'>et</span> <span class='ocrx_word' id='word_1_196' title='bbox 780 2626 840 2668; x_wconf 86' lang='lat' dir='ltr'>avo</span> <span class='ocrx_word' id='word_1_197' title='bbox 861 2613 1006 2689; x_wconf 88' lang='lat' dir='ltr'>patemo.</span> <span class='ocrx_word' id='word_1_198' title='bbox 1035 2599 1296 2684; x_wconf 82' lang='lat' dir='ltr'>Quattuordecim</span> <span class='ocrx_word' id='word_1_199' title='bbox 1310 2613 1342 2657; x_wconf 78' lang='lat'>14</span> 
     </span>
     <span class='ocr_line' id='line_1_24' title="bbox 176 2699 1296 2791; baseline -0.004 -21"><span class='ocrx_word' id='word_1_200' title='bbox 176 2727 231 2770; x_wconf 90' lang='lat' dir='ltr'>eas</span> <span class='ocrx_word' id='word_1_201' title='bbox 257 2705 382 2791; x_wconf 88' lang='lat' dir='ltr'>accepit</span> <span class='ocrx_word' id='word_1_202' title='bbox 410 2699 536 2770; x_wconf 86' lang='lat' dir='ltr'>Siccius</span> <span class='ocrx_word' id='word_1_203' title='bbox 564 2702 742 2783; x_wconf 88' lang='lat' dir='ltr'>Dentatus,</span> <span class='ocrx_word' id='word_1_204' title='bbox 773 2715 810 2769; x_wconf 93' lang='lat' dir='ltr'>ut</span> <span class='ocrx_word' id='word_1_205' title='bbox 835 2704 1003 2771; x_wconf 89' lang='lat' dir='ltr'>retulimus</span> <span class='ocrx_word' id='word_1_206' title='bbox 1032 2727 1090 2770; x_wconf 94' lang='lat' dir='ltr'>suo</span> <span class='ocrx_word' id='word_1_207' title='bbox 1116 2704 1202 2782; x_wconf 86' lang='lat' dir='ltr'>loco,</span> <span class='ocrx_word' id='word_1_208' title='bbox 1239 2726 1296 2768; x_wconf 88' lang='lat' dir='ltr'>sex</span> 
     </span>
     <span class='ocr_line' id='line_1_25' title="bbox 178 2802 1295 2893; baseline -0.004 -22"><span class='ocrx_word' id='word_1_209' title='bbox 178 2803 393 2893; x_wconf 82' lang='lat' dir='ltr'>Capitolinus,</span> <span class='ocrx_word' id='word_1_210' title='bbox 422 2805 450 2870; x_wconf 93' lang='lat' dir='ltr'>is</span> <span class='ocrx_word' id='word_1_211' title='bbox 477 2804 608 2889; x_wconf 91' lang='lat' dir='ltr'>quidem</span> <span class='ocrx_word' id='word_1_212' title='bbox 636 2816 669 2868; x_wconf 87' lang='lat' dir='ltr'>et</span> <span class='ocrx_word' id='word_1_213' title='bbox 694 2805 734 2869; x_wconf 91' lang='lat' dir='ltr'>de</span> <span class='ocrx_word' id='word_1_214' title='bbox 762 2805 845 2871; x_wconf 89' lang='lat' dir='ltr'>duce</span> <span class='ocrx_word' id='word_1_215' title='bbox 869 2803 1024 2889; x_wconf 84' lang='lat' dir='ltr'>Servili03</span> <span class='ocrx_word' id='word_1_216' title='bbox 1054 2804 1229 2869; x_wconf 76' lang='lat' dir='ltr'>Africanus</span> <span class='ocrx_word' id='word_1_217' title='bbox 1255 2802 1295 2867; x_wconf 92' lang='lat' dir='ltr'>de</span> 
     </span>
    </p>
   </div>
   <div class='ocr_carea' id='block_1_5' title="bbox 178 3006 1297 3158">
    <p class='ocr_par' dir='ltr' id='par_1_6' title="bbox 178 3006 1297 3158">
     <span class='ocr_line' id='line_1_26' title="bbox 210 3006 1297 3077; baseline -0.003 -19"><span class='ocrx_word' id='word_1_218' title='bbox 210 3009 312 3059; x_wconf 78' lang='lat' dir='ltr'>instituti</span> <span class='ocrx_word' id='word_1_219' title='bbox 327 3011 411 3077; x_wconf 81' lang='lat' dir='ltr'>operia,</span> <span class='ocrx_word' id='word_1_220' title='bbox 423 3016 439 3063; x_wconf 90' lang='lat' dir='ltr'>d</span> <span class='ocrx_word' id='word_1_221' title='bbox 452 3012 539 3076; x_wconf 92' lang='lat' dir='ltr'>(codd.</span> <span class='ocrx_word' id='word_1_222' title='bbox 549 3012 620 3077; x_wconf 78' lang='lat' dir='ltr'>Gal.)</span> <span class='ocrx_word' id='word_1_223' title='bbox 638 3012 740 3062; x_wconf 81' lang='lat' dir='ltr'>instituti</span> <span class='ocrx_word' id='word_1_224' title='bbox 749 3013 832 3072; x_wconf 69' lang='lat' dir='ltr'>anah,</span> <span class='ocrx_word' id='word_1_225' title='bbox 848 3006 876 3063; x_wconf 86' lang='grc' dir='ltr'>θ.</span> <span class='ocrx_word' id='word_1_226' title='bbox 895 3011 1008 3061; x_wconf 74' lang='lat' dir='ltr'>insciam</span> <span class='ocrx_word' id='word_1_227' title='bbox 1020 3010 1105 3075; x_wconf 63' lang='lat' dir='ltr'>operta,</span> <span class='ocrx_word' id='word_1_228' title='bbox 1117 3028 1140 3061; x_wconf 87' lang='lat' dir='ltr'>a.</span> <span class='ocrx_word' id='word_1_229' title='bbox 1163 3025 1192 3057; x_wconf 79' lang='lat' dir='ltr'>ea</span> <span class='ocrx_word' id='word_1_230' title='bbox 1203 3007 1297 3056; x_wconf 73' lang='lat' dir='ltr'>imitra-</span> 
     </span>
     <span class='ocr_line' id='line_1_27' title="bbox 178 3075 831 3158; baseline 0.006 -32"><span class='ocrx_word' id='word_1_231' title='bbox 178 3077 246 3140; x_wconf 80' lang='lat' dir='ltr'>tione,</span> <span class='ocrx_word' id='word_1_232' title='bbox 258 3079 291 3128; x_wconf 88' lang='grc' dir='ltr'>Κ.</span> <span class='ocrx_word' id='word_1_233' title='bbox 310 3120 341 3128; x_wconf 91' lang='grc'>..</span> <span class='ocrx_word' id='word_1_234' title='bbox 359 3081 413 3144; x_wconf 77' lang='lat' dir='ltr'>qais</span> <span class='ocrx_word' id='word_1_235' title='bbox 424 3098 548 3146; x_wconf 83' lang='lat' dir='ltr'>quamque,</span> <span class='ocrx_word' id='word_1_236' title='bbox 561 3082 634 3132; x_wconf 84' lang='lat' dir='ltr'>Tad.</span> <span class='ocrx_word' id='word_1_237' title='bbox 652 3080 769 3144; x_wconf 62' lang='lat' dir='ltr'>qualenam</span> <span class='ocrx_word' id='word_1_238' title='bbox 779 3075 831 3158; x_wconf 74' lang='grc' dir='ltr'>βγ.</span> 
     </span>
    </p>
   </div>
   <div class='ocr_carea' id='block_1_6' title="bbox 178 3159 1324 3378">
    <p class='ocr_par' dir='ltr' id='par_1_7' title="bbox 178 3159 1324 3378">
     <span class='ocr_line' id='line_1_28' title="bbox 211 3159 1324 3248; baseline 0 -20"><span class='ocrx_word' id='word_1_239' title='bbox 211 3179 279 3241; x_wconf 65' lang='grc' dir='ltr'><strong>ξ11.</strong></span> <span class='ocrx_word' id='word_1_240' title='bbox 297 3182 418 3231; x_wconf 82' lang='lat' dir='ltr'>coronavit</span> <span class='ocrx_word' id='word_1_241' title='bbox 420 3183 538 3248; x_wconf 83' lang='lat' dir='ltr'>frondea,</span> <span class='ocrx_word' id='word_1_242' title='bbox 551 3185 575 3232; x_wconf 88' lang='lat' dir='ltr'>d.</span> <span class='ocrx_word' id='word_1_243' title='bbox 595 3223 626 3232; x_wconf 84' lang='lat'>..</span> <span class='ocrx_word' id='word_1_244' title='bbox 648 3181 734 3239; x_wconf 72' lang='lat' dir='ltr'>laad.</span> <span class='ocrx_word' id='word_1_245' title='bbox 753 3223 784 3232; x_wconf 84' lang='grc'><strong>-</strong></span> <span class='ocrx_word' id='word_1_246' title='bbox 812 3179 928 3244; x_wconf 55' lang='lat' dir='ltr'>Tulliae.</span> <span class='ocrx_word' id='word_1_247' title='bbox 948 3222 979 3230; x_wconf 81' lang='grc'>-</span> <span class='ocrx_word' id='word_1_248' title='bbox 1001 3179 1128 3243; x_wconf 55' lang='lat' dir='ltr'>reymeri.</span> <span class='ocrx_word' id='word_1_249' title='bbox 1147 3173 1245 3238; x_wconf 76' lang='grc' dir='ltr'><strong>01η.β.</strong></span> <span class='ocrx_word' id='word_1_250' title='bbox 1264 3218 1294 3225; x_wconf 90' lang='grc'><strong>-</strong></span> <span class='ocrx_word' id='word_1_251' title='bbox 1321 3159 1324 3162; x_wconf 33' lang='grc'><strong>’</strong></span> 
     </span>
     <span class='ocr_line' id='line_1_29' title="bbox 178 3244 1296 3313; baseline -0.01 -8"><span class='ocrx_word' id='word_1_252' title='bbox 178 3244 258 3310; x_wconf 51' lang='lat' dir='ltr'>illim,</span> <span class='ocrx_word' id='word_1_253' title='bbox 271 3263 294 3296; x_wconf 66' lang='lat' dir='ltr'>a·</span> <span class='ocrx_word' id='word_1_254' title='bbox 312 3246 336 3295; x_wconf 67' lang='lat' dir='ltr'>ln</span> <span class='ocrx_word' id='word_1_255' title='bbox 349 3246 420 3312; x_wconf 66' lang='lat' dir='ltr'>liquo,</span> <span class='ocrx_word' id='word_1_256' title='bbox 432 3254 456 3302; x_wconf 91' lang='lat' dir='ltr'>d.</span> <span class='ocrx_word' id='word_1_257' title='bbox 476 3291 506 3300; x_wconf 83' lang='grc'>..</span> <span class='ocrx_word' id='word_1_258' title='bbox 526 3248 626 3307; x_wconf 66' lang='lat' dir='ltr'>aarum</span> <span class='ocrx_word' id='word_1_259' title='bbox 638 3265 662 3298; x_wconf 85' lang='lat' dir='ltr'>a.</span> <span class='ocrx_word' id='word_1_260' title='bbox 680 3248 763 3311; x_wconf 70' lang='lat' dir='ltr'>carah,</span> <span class='ocrx_word' id='word_1_261' title='bbox 776 3245 846 3313; x_wconf 76' lang='grc' dir='ltr'>ᾱβγ.</span> <span class='ocrx_word' id='word_1_262' title='bbox 861 3290 891 3298; x_wconf 89' lang='grc'>-</span> <span class='ocrx_word' id='word_1_263' title='bbox 910 3247 957 3298; x_wconf 82' lang='lat' dir='ltr'>levi</span> <span class='ocrx_word' id='word_1_264' title='bbox 966 3264 1058 3307; x_wconf 69' lang='grc' dir='ltr'>εασναα,</span> <span class='ocrx_word' id='word_1_265' title='bbox 1070 3258 1090 3295; x_wconf 78' lang='lat' dir='ltr'>r.</span> <span class='ocrx_word' id='word_1_266' title='bbox 1107 3244 1173 3294; x_wconf 64' lang='lat' dir='ltr'>Iovis</span> <span class='ocrx_word' id='word_1_267' title='bbox 1184 3261 1239 3308; x_wconf 89' lang='lat' dir='ltr'>ara,</span> <span class='ocrx_word' id='word_1_268' title='bbox 1249 3247 1296 3295; x_wconf 86' lang='lat' dir='ltr'>ad.</span> 
     </span>
     <span class='ocr_line' id='line_1_30' title="bbox 180 3321 434 3378; baseline 0 -15"><span class='ocrx_word' id='word_1_269' title='bbox 180 3354 210 3363; x_wconf 77' lang='grc'>-</span> <span class='ocrx_word' id='word_1_270' title='bbox 228 3321 399 3378; x_wconf 77' lang='lat' dir='ltr'>vastatumque,</span> <span class='ocrx_word' id='word_1_271' title='bbox 411 3333 434 3368; x_wconf 82' lang='lat' dir='ltr'>a.</span> 
     </span>
    </p>
   </div>
   <div class='ocr_carea' id='block_1_7' title="bbox 119 3412 1297 4357">
    <p class='ocr_par' dir='ltr' id='par_1_8' title="bbox 119 3412 1297 4357">
     <span class='ocr_line' id='line_1_31' title="bbox 119 3412 1297 3481; baseline -0.005 -13"><span class='ocrx_word' id='word_1_272' title='bbox 119 3464 123 3468; x_wconf 73' lang='grc'>,</span> <span class='ocrx_word' id='word_1_273' title='bbox 212 3416 227 3478; x_wconf 70' lang='grc'><strong>5</strong></span> <span class='ocrx_word' id='word_1_274' title='bbox 242 3420 281 3464; x_wconf 81' lang='lat'>12.</span> <span class='ocrx_word' id='word_1_275' title='bbox 299 3413 350 3480; x_wconf 76' lang='lat' dir='ltr'>ipso</span> <span class='ocrx_word' id='word_1_276' title='bbox 362 3417 428 3480; x_wconf 84' lang='lat' dir='ltr'>Iove,</span> <span class='ocrx_word' id='word_1_277' title='bbox 441 3434 456 3467; x_wconf 88' lang='lat' dir='ltr'>a</span> <span class='ocrx_word' id='word_1_278' title='bbox 468 3416 554 3479; x_wconf 83' lang='lat' dir='ltr'>(codd.</span> <span class='ocrx_word' id='word_1_279' title='bbox 568 3414 640 3479; x_wconf 83' lang='lat' dir='ltr'>Gal.)</span> <span class='ocrx_word' id='word_1_280' title='bbox 657 3415 713 3466; x_wconf 82' lang='lat' dir='ltr'>Ioue</span> <span class='ocrx_word' id='word_1_281' title='bbox 724 3417 783 3481; x_wconf 82' lang='lat' dir='ltr'>ipso,</span> <span class='ocrx_word' id='word_1_282' title='bbox 795 3419 819 3467; x_wconf 92' lang='lat' dir='ltr'>d.</span> <span class='ocrx_word' id='word_1_283' title='bbox 839 3459 869 3466; x_wconf 87' lang='grc'><strong>-</strong></span> <span class='ocrx_word' id='word_1_284' title='bbox 888 3416 978 3481; x_wconf 80' lang='lat' dir='ltr'>cuique,</span> <span class='ocrx_word' id='word_1_285' title='bbox 991 3433 1006 3466; x_wconf 85' lang='lat' dir='ltr'>a</span> <span class='ocrx_word' id='word_1_286' title='bbox 1018 3413 1103 3478; x_wconf 87' lang='lat' dir='ltr'>(codd.</span> <span class='ocrx_word' id='word_1_287' title='bbox 1116 3412 1187 3476; x_wconf 80' lang='lat' dir='ltr'>Gal)</span> <span class='ocrx_word' id='word_1_288' title='bbox 1204 3412 1297 3476; x_wconf 75' lang='lat' dir='ltr'>quique,</span> 
     </span>
     <span class='ocr_line' id='line_1_32' title="bbox 179 3483 1296 3549; baseline -0.001 -19"><span class='ocrx_word' id='word_1_289' title='bbox 179 3483 203 3530; x_wconf 93' lang='lat' dir='ltr'>d.</span> <span class='ocrx_word' id='word_1_290' title='bbox 221 3522 250 3530; x_wconf 84' lang='lat'><em>-</em></span> <span class='ocrx_word' id='word_1_291' title='bbox 273 3483 364 3546; x_wconf 72' lang='lat' dir='ltr'>patria,</span> <span class='ocrx_word' id='word_1_292' title='bbox 377 3502 393 3535; x_wconf 87' lang='lat' dir='ltr'>a</span> <span class='ocrx_word' id='word_1_293' title='bbox 405 3483 490 3547; x_wconf 87' lang='lat' dir='ltr'>(codd.</span> <span class='ocrx_word' id='word_1_294' title='bbox 504 3484 575 3549; x_wconf 86' lang='lat' dir='ltr'>Gel.)</span> <span class='ocrx_word' id='word_1_295' title='bbox 589 3484 704 3548; x_wconf 81' lang='lat' dir='ltr'>patriam,</span> <span class='ocrx_word' id='word_1_296' title='bbox 717 3487 741 3534; x_wconf 87' lang='lat' dir='ltr'>d.</span> <span class='ocrx_word' id='word_1_297' title='bbox 761 3525 792 3534; x_wconf 82' lang='lat'>-</span> <span class='ocrx_word' id='word_1_298' title='bbox 814 3483 898 3545; x_wconf 82' lang='lat' dir='ltr'>aivem3</span> <span class='ocrx_word' id='word_1_299' title='bbox 915 3500 961 3549; x_wconf 92' lang='lat' dir='ltr'>pro</span> <span class='ocrx_word' id='word_1_300' title='bbox 973 3486 998 3533; x_wconf 87' lang='lat' dir='ltr'>h.</span> <span class='ocrx_word' id='word_1_301' title='bbox 1011 3498 1035 3532; x_wconf 85' lang='lat' dir='ltr'>v.</span> <span class='ocrx_word' id='word_1_302' title='bbox 1048 3485 1110 3533; x_wconf 88' lang='lat' dir='ltr'>daut</span> <span class='ocrx_word' id='word_1_303' title='bbox 1120 3498 1187 3545; x_wconf 80' lang='lat' dir='ltr'>quem</span> <span class='ocrx_word' id='word_1_304' title='bbox 1200 3483 1245 3530; x_wconf 84' lang='lat' dir='ltr'>ad.</span> <span class='ocrx_word' id='word_1_305' title='bbox 1265 3520 1296 3529; x_wconf 85' lang='grc'><strong>-</strong></span> 
     </span>
     <span class='ocr_line' id='line_1_33' title="bbox 179 3547 1296 3615; baseline 0.001 -19"><span class='ocrx_word' id='word_1_306' title='bbox 179 3547 299 3611; x_wconf 77' lang='lat' dir='ltr'>obtineret,</span> <span class='ocrx_word' id='word_1_307' title='bbox 311 3552 344 3600; x_wconf 90' lang='lat' dir='ltr'>K.</span> <span class='ocrx_word' id='word_1_308' title='bbox 367 3552 485 3603; x_wconf 86' lang='lat' dir='ltr'>Ceterum</span> <span class='ocrx_word' id='word_1_309' title='bbox 497 3554 524 3602; x_wconf 92' lang='lat' dir='ltr'>in</span> <span class='ocrx_word' id='word_1_310' title='bbox 536 3553 561 3603; x_wconf 88' lang='lat' dir='ltr'>h.</span> <span class='ocrx_word' id='word_1_311' title='bbox 573 3553 591 3601; x_wconf 93' lang='lat' dir='ltr'>l.</span> <span class='ocrx_word' id='word_1_312' title='bbox 604 3554 748 3615; x_wconf 86' lang='lat' dir='ltr'>corruptela</span> <span class='ocrx_word' id='word_1_313' title='bbox 758 3553 837 3614; x_wconf 72' lang='lat' dir='ltr'>inest,</span> <span class='ocrx_word' id='word_1_314' title='bbox 853 3552 960 3601; x_wconf 82' lang='lat' dir='ltr'>offendit</span> <span class='ocrx_word' id='word_1_315' title='bbox 976 3552 1043 3600; x_wconf 92' lang='lat' dir='ltr'>enim</span> <span class='ocrx_word' id='word_1_316' title='bbox 1059 3565 1153 3600; x_wconf 88' lang='lat' dir='ltr'>nomen</span> <span class='ocrx_word' id='word_1_317' title='bbox 1169 3547 1242 3597; x_wconf 79' lang='lat' dir='ltr'>lastis</span> <span class='ocrx_word' id='word_1_318' title='bbox 1256 3547 1296 3597; x_wconf 89' lang='lat' dir='ltr'>bis</span> 
     </span>
     <span class='ocr_line' id='line_1_34' title="bbox 181 3616 1297 3683; baseline -0.002 -18"><span class='ocrx_word' id='word_1_319' title='bbox 181 3616 299 3681; x_wconf 86' lang='lat' dir='ltr'>deinceps</span> <span class='ocrx_word' id='word_1_320' title='bbox 312 3627 402 3669; x_wconf 84' lang='lat' dir='ltr'>ettam</span> <span class='ocrx_word' id='word_1_321' title='bbox 414 3622 508 3683; x_wconf 84' lang='lat' dir='ltr'>exiguo</span> <span class='ocrx_word' id='word_1_322' title='bbox 517 3620 650 3669; x_wconf 83' lang='lat' dir='ltr'>intervallo</span> <span class='ocrx_word' id='word_1_323' title='bbox 663 3621 760 3669; x_wconf 88' lang='lat' dir='ltr'>diverso</span> <span class='ocrx_word' id='word_1_324' title='bbox 772 3634 847 3669; x_wconf 87' lang='lat' dir='ltr'>sensu</span> <span class='ocrx_word' id='word_1_325' title='bbox 858 3627 1016 3683; x_wconf 85' lang='lat' dir='ltr'>usurpatum,</span> <span class='ocrx_word' id='word_1_326' title='bbox 1028 3633 1087 3667; x_wconf 91' lang='lat' dir='ltr'>cum</span> <span class='ocrx_word' id='word_1_327' title='bbox 1098 3619 1182 3680; x_wconf 92' lang='lat' dir='ltr'>priore</span> <span class='ocrx_word' id='word_1_328' title='bbox 1193 3617 1253 3665; x_wconf 84' lang='lat' dir='ltr'>loco</span> <span class='ocrx_word' id='word_1_329' title='bbox 1265 3617 1297 3664; x_wconf 90' lang='lat' dir='ltr'>de</span> 
     </span>
     <span class='ocr_line' id='line_1_35' title="bbox 180 3684 1296 3750; baseline -0.002 -16"><span class='ocrx_word' id='word_1_330' title='bbox 180 3685 301 3747; x_wconf 85' lang='lat' dir='ltr'>singulari</span> <span class='ocrx_word' id='word_1_331' title='bbox 313 3687 359 3735; x_wconf 90' lang='lat' dir='ltr'>illo</span> <span class='ocrx_word' id='word_1_332' title='bbox 372 3687 446 3738; x_wconf 88' lang='lat' dir='ltr'>hoste</span> <span class='ocrx_word' id='word_1_333' title='bbox 464 3688 547 3737; x_wconf 86' lang='lat' dir='ltr'>occiso</span> <span class='ocrx_word' id='word_1_334' title='bbox 561 3688 665 3743; x_wconf 87' lang='lat' dir='ltr'>dicatur,</span> <span class='ocrx_word' id='word_1_335' title='bbox 677 3687 817 3750; x_wconf 86' lang='lat' dir='ltr'>posteriore</span> <span class='ocrx_word' id='word_1_336' title='bbox 833 3689 865 3736; x_wconf 90' lang='lat' dir='ltr'>de</span> <span class='ocrx_word' id='word_1_337' title='bbox 875 3694 930 3736; x_wconf 86' lang='lat' dir='ltr'>toto</span> <span class='ocrx_word' id='word_1_338' title='bbox 943 3688 1055 3736; x_wconf 86' lang='lat' dir='ltr'>exercitu</span> <span class='ocrx_word' id='word_1_339' title='bbox 1066 3685 1162 3735; x_wconf 86' lang='lat' dir='ltr'>hostili.</span> <span class='ocrx_word' id='word_1_340' title='bbox 1184 3684 1243 3734; x_wconf 88' lang='lat' dir='ltr'>Huc</span> <span class='ocrx_word' id='word_1_341' title='bbox 1255 3695 1296 3732; x_wconf 87' lang='lat' dir='ltr'>ac·</span> 
     </span>
     <span class='ocr_line' id='line_1_36' title="bbox 180 3750 1297 3818; baseline -0.001 -17"><span class='ocrx_word' id='word_1_342' title='bbox 180 3753 246 3801; x_wconf 85' lang='lat' dir='ltr'>cedit</span> <span class='ocrx_word' id='word_1_343' title='bbox 257 3751 364 3814; x_wconf 82' lang='lat' dir='ltr'>Gellius,</span> <span class='ocrx_word' id='word_1_344' title='bbox 377 3755 420 3818; x_wconf 89' lang='lat' dir='ltr'>qui</span> <span class='ocrx_word' id='word_1_345' title='bbox 434 3761 456 3811; x_wconf 84' lang='lat'>5,</span> <span class='ocrx_word' id='word_1_346' title='bbox 470 3760 493 3804; x_wconf 83' lang='grc'>6.</span> <span class='ocrx_word' id='word_1_347' title='bbox 506 3754 642 3805; x_wconf 83' lang='lat' dir='ltr'>eMasurio</span> <span class='ocrx_word' id='word_1_348' title='bbox 653 3753 748 3804; x_wconf 88' lang='lat' dir='ltr'>Sabino</span> <span class='ocrx_word' id='word_1_349' title='bbox 760 3753 836 3803; x_wconf 85' lang='lat' dir='ltr'>refert</span> <span class='ocrx_word' id='word_1_350' title='bbox 846 3754 921 3804; x_wconf 91' lang='lat' dir='ltr'>illum</span> <span class='ocrx_word' id='word_1_351' title='bbox 933 3756 1009 3804; x_wconf 89' lang='lat' dir='ltr'>modo</span> <span class='ocrx_word' id='word_1_352' title='bbox 1021 3754 1101 3802; x_wconf 81' lang='lat' dir='ltr'>civem</span> <span class='ocrx_word' id='word_1_353' title='bbox 1113 3767 1207 3802; x_wconf 86' lang='lat' dir='ltr'>corona</span> <span class='ocrx_word' id='word_1_354' title='bbox 1217 3750 1297 3800; x_wconf 81' lang='lat' dir='ltr'>civica</span> 
     </span>
     <span class='ocr_line' id='line_1_37' title="bbox 180 3818 1297 3885; baseline -0.001 -19"><span class='ocrx_word' id='word_1_355' title='bbox 180 3822 263 3869; x_wconf 84' lang='lat' dir='ltr'>ornari</span> <span class='ocrx_word' id='word_1_356' title='bbox 274 3822 395 3884; x_wconf 80' lang='lat' dir='ltr'>potuisse.</span> <span class='ocrx_word' id='word_1_357' title='bbox 407 3821 449 3884; x_wconf 83' lang='lat' dir='ltr'>qai</span> <span class='ocrx_word' id='word_1_358' title='bbox 459 3820 545 3869; x_wconf 81' lang='lat' dir='ltr'>lostam</span> <span class='ocrx_word' id='word_1_359' title='bbox 557 3819 677 3869; x_wconf 81' lang='lat' dir='ltr'>occiderat</span> <span class='ocrx_word' id='word_1_360' title='bbox 687 3835 760 3883; x_wconf 81' lang='lat' dir='ltr'>neque</span> <span class='ocrx_word' id='word_1_361' title='bbox 772 3818 845 3869; x_wconf 84' lang='lat' dir='ltr'>locam</span> <span class='ocrx_word' id='word_1_362' title='bbox 856 3820 881 3869; x_wconf 80' lang='lat' dir='ltr'>ia</span> <span class='ocrx_word' id='word_1_363' title='bbox 893 3837 922 3870; x_wconf 86' lang='lat' dir='ltr'>ea</span> <span class='ocrx_word' id='word_1_364' title='bbox 929 3837 1014 3885; x_wconf 76' lang='lat' dir='ltr'>puqna</span> <span class='ocrx_word' id='word_1_365' title='bbox 1024 3819 1159 3883; x_wconf 82' lang='lat' dir='ltr'>reliquerat.</span> <span class='ocrx_word' id='word_1_366' title='bbox 1178 3818 1297 3868; x_wconf 69' lang='lat' dir='ltr'>Tiberium</span> 
     </span>
     <span class='ocr_line' id='line_1_38' title="bbox 181 3884 1297 3951; baseline 0 -17"><span class='ocrx_word' id='word_1_367' title='bbox 181 3894 257 3935; x_wconf 72' lang='lat' dir='ltr'>mmet</span> <span class='ocrx_word' id='word_1_368' title='bbox 277 3885 401 3936; x_wconf 61' lang='lat' dir='ltr'>Gaesarem</span> <span class='ocrx_word' id='word_1_369' title='bbox 416 3887 552 3948; x_wconf 69' lang='lat' dir='ltr'>maltam,</span> <span class='ocrx_word' id='word_1_370' title='bbox 568 3903 601 3936; x_wconf 85' lang='lat' dir='ltr'>aa</span> <span class='ocrx_word' id='word_1_371' title='bbox 617 3886 716 3936; x_wconf 83' lang='lat' dir='ltr'>civicam</span> <span class='ocrx_word' id='word_1_372' title='bbox 731 3904 840 3936; x_wconf 80' lang='lat' dir='ltr'>coronam</span> <span class='ocrx_word' id='word_1_373' title='bbox 853 3904 937 3951; x_wconf 84' lang='lat' dir='ltr'>capere</span> <span class='ocrx_word' id='word_1_374' title='bbox 943 3897 1024 3951; x_wconf 81' lang='lat' dir='ltr'>parcet</span> <span class='ocrx_word' id='word_1_375' title='bbox 1038 3888 1081 3951; x_wconf 78' lang='lat' dir='ltr'>qai</span> <span class='ocrx_word' id='word_1_376' title='bbox 1090 3887 1161 3936; x_wconf 82' lang='lat' dir='ltr'>civem</span> <span class='ocrx_word' id='word_1_377' title='bbox 1172 3886 1197 3935; x_wconf 81' lang='lat' dir='ltr'>ia</span> <span class='ocrx_word' id='word_1_378' title='bbox 1204 3884 1297 3949; x_wconf 81' lang='lat' dir='ltr'>proelio</span> 
     </span>
     <span class='ocr_line' id='line_1_39' title="bbox 180 3953 1296 4019; baseline 0.001 -18"><span class='ocrx_word' id='word_1_379' title='bbox 180 3962 297 4002; x_wconf 79' lang='lat' dir='ltr'>seruasset</span> <span class='ocrx_word' id='word_1_380' title='bbox 313 3963 336 4002; x_wconf 86' lang='lat' dir='ltr'>et</span> <span class='ocrx_word' id='word_1_381' title='bbox 351 3953 427 4002; x_wconf 81' lang='lat' dir='ltr'>laetae</span> <span class='ocrx_word' id='word_1_382' title='bbox 443 3953 528 4003; x_wconf 82' lang='lat' dir='ltr'>ibidem</span> <span class='ocrx_word' id='word_1_383' title='bbox 545 3954 604 4003; x_wconf 83' lang='lat' dir='ltr'>daos</span> <span class='ocrx_word' id='word_1_384' title='bbox 620 3954 781 4017; x_wconf 67' lang='lat' dir='ltr'>intersecaret,</span> <span class='ocrx_word' id='word_1_385' title='bbox 795 3954 839 4004; x_wconf 79' lang='lat' dir='ltr'>aed</span> <span class='ocrx_word' id='word_1_386' title='bbox 850 3953 932 4017; x_wconf 83' lang='lat' dir='ltr'>locam,</span> <span class='ocrx_word' id='word_1_387' title='bbox 949 3955 973 4004; x_wconf 81' lang='lat' dir='ltr'>ia</span> <span class='ocrx_word' id='word_1_388' title='bbox 984 3971 1030 4018; x_wconf 79' lang='lat' dir='ltr'>quo</span> <span class='ocrx_word' id='word_1_389' title='bbox 1037 3955 1171 4019; x_wconf 77' lang='lat' dir='ltr'>papnabat,</span> <span class='ocrx_word' id='word_1_390' title='bbox 1183 3971 1228 4003; x_wconf 83' lang='lat' dir='ltr'>noa</span> <span class='ocrx_word' id='word_1_391' title='bbox 1240 3953 1296 4002; x_wconf 83' lang='lat' dir='ltr'>reti·</span> 
     </span>
     <span class='ocr_line' id='line_1_40' title="bbox 180 4018 1296 4086; baseline 0.001 -18"><span class='ocrx_word' id='word_1_392' title='bbox 180 4019 268 4069; x_wconf 64' lang='lat' dir='ltr'>audeat</span> <span class='ocrx_word' id='word_1_393' title='bbox 284 4037 355 4083; x_wconf 82' lang='lat' dir='ltr'>eoque</span> <span class='ocrx_word' id='word_1_394' title='bbox 373 4018 421 4070; x_wconf 84' lang='lat' dir='ltr'>loco</span> <span class='ocrx_word' id='word_1_395' title='bbox 438 4020 513 4070; x_wconf 72' lang='lat' dir='ltr'>hostes</span> <span class='ocrx_word' id='word_1_396' title='bbox 527 4020 600 4084; x_wconf 80' lang='lat' dir='ltr'>potiti</span> <span class='ocrx_word' id='word_1_397' title='bbox 609 4029 691 4083; x_wconf 80' lang='lat' dir='ltr'>essent,</span> <span class='ocrx_word' id='word_1_398' title='bbox 707 4021 855 4086; x_wconf 61' lang='lat' dir='ltr'>recorporare</span> <span class='ocrx_word' id='word_1_399' title='bbox 866 4021 931 4084; x_wconf 74' lang='lat' dir='ltr'>dicit,</span> <span class='ocrx_word' id='word_1_400' title='bbox 946 4039 997 4071; x_wconf 85' lang='lat' dir='ltr'>eam</span> <span class='ocrx_word' id='word_1_401' title='bbox 1014 4039 1104 4086; x_wconf 81' lang='lat' dir='ltr'>qaoque</span> <span class='ocrx_word' id='word_1_402' title='bbox 1114 4021 1189 4072; x_wconf 67' lang='lat' dir='ltr'>alama</span> <span class='ocrx_word' id='word_1_403' title='bbox 1201 4020 1296 4086; x_wconf 71' lang='lat' dir='ltr'>(liparen</span> 
     </span>
     <span class='ocr_line' id='line_1_41' title="bbox 180 4085 1297 4153; baseline 0.003 -18"><span class='ocrx_word' id='word_1_404' title='bbox 180 4085 264 4148; x_wconf 79' lang='lat' dir='ltr'>uideri,</span> <span class='ocrx_word' id='word_1_405' title='bbox 275 4085 341 4151; x_wconf 83' lang='lat' dir='ltr'>qaod</span> <span class='ocrx_word' id='word_1_406' title='bbox 350 4097 477 4150; x_wconf 83' lang='lat' dir='ltr'>appareret</span> <span class='ocrx_word' id='word_1_407' title='bbox 489 4096 536 4137; x_wconf 82' lang='lat' dir='ltr'>tam</span> <span class='ocrx_word' id='word_1_408' title='bbox 548 4088 628 4152; x_wconf 81' lang='lat' dir='ltr'>iniquo</span> <span class='ocrx_word' id='word_1_409' title='bbox 641 4088 689 4138; x_wconf 83' lang='lat' dir='ltr'>loro</span> <span class='ocrx_word' id='word_1_410' title='bbox 700 4089 772 4138; x_wconf 80' lang='lat' dir='ltr'>civem</span> <span class='ocrx_word' id='word_1_411' title='bbox 784 4090 815 4139; x_wconf 84' lang='lat' dir='ltr'>ab</span> <span class='ocrx_word' id='word_1_412' title='bbox 827 4107 853 4138; x_wconf 88' lang='lat' dir='ltr'>eo</span> <span class='ocrx_word' id='word_1_413' title='bbox 865 4098 991 4149; x_wconf 81' lang='lat' dir='ltr'>seruatam,</span> <span class='ocrx_word' id='word_1_414' title='bbox 1004 4090 1110 4139; x_wconf 72' lang='lat' dir='ltr'>atellam</span> <span class='ocrx_word' id='word_1_415' title='bbox 1122 4107 1139 4138; x_wconf 92' lang='lat' dir='ltr'>a</span> <span class='ocrx_word' id='word_1_416' title='bbox 1142 4089 1243 4153; x_wconf 78' lang='lat' dir='ltr'>fortiter</span> <span class='ocrx_word' id='word_1_417' title='bbox 1249 4101 1297 4151; x_wconf 75' lang='lat' dir='ltr'>pu·</span> 
     </span>
     <span class='ocr_line' id='line_1_42' title="bbox 178 4153 1296 4220; baseline 0 -18"><span class='ocrx_word' id='word_1_418' title='bbox 178 4153 306 4218; x_wconf 69' lang='lat' dir='ltr'>quantitas</span> <span class='ocrx_word' id='word_1_419' title='bbox 317 4154 416 4202; x_wconf 81' lang='lat' dir='ltr'>retinen&#39;</span> <span class='ocrx_word' id='word_1_420' title='bbox 424 4171 468 4203; x_wconf 85' lang='lat' dir='ltr'>noa</span> <span class='ocrx_word' id='word_1_421' title='bbox 480 4155 588 4218; x_wconf 81' lang='lat' dir='ltr'>quiverit.</span> <span class='ocrx_word' id='word_1_422' title='bbox 606 4157 661 4206; x_wconf 80' lang='lat' dir='ltr'>Ant</span> <span class='ocrx_word' id='word_1_423' title='bbox 672 4158 749 4220; x_wconf 84' lang='lat' dir='ltr'>igitur</span> <span class='ocrx_word' id='word_1_424' title='bbox 760 4161 898 4208; x_wconf 88' lang='lat' dir='ltr'>secundum</span> <span class='ocrx_word' id='word_1_425' title='bbox 910 4174 1004 4208; x_wconf 88' lang='lat' dir='ltr'>nomeu</span> <span class='ocrx_word' id='word_1_426' title='bbox 1016 4158 1088 4207; x_wconf 79' lang='lat' dir='ltr'>lastis</span> <span class='ocrx_word' id='word_1_427' title='bbox 1100 4159 1235 4208; x_wconf 88' lang='lat' dir='ltr'>delendum</span> <span class='ocrx_word' id='word_1_428' title='bbox 1251 4162 1296 4203; x_wconf 87' lang='lat' dir='ltr'>ant</span> 
     </span>
     <span class='ocr_line' id='line_1_43' title="bbox 180 4220 1296 4289; baseline -0.003 -18"><span class='ocrx_word' id='word_1_429' title='bbox 180 4235 213 4271; x_wconf 84' lang='lat' dir='ltr'>ex</span> <span class='ocrx_word' id='word_1_430' title='bbox 225 4222 322 4271; x_wconf 85' lang='lat' dir='ltr'>Tiberii</span> <span class='ocrx_word' id='word_1_431' title='bbox 334 4220 449 4272; x_wconf 84' lang='lat' dir='ltr'>Caesaris</span> <span class='ocrx_word' id='word_1_432' title='bbox 461 4224 584 4274; x_wconf 87' lang='lat' dir='ltr'>sententia</span> <span class='ocrx_word' id='word_1_433' title='bbox 596 4225 754 4275; x_wconf 87' lang='lat' dir='ltr'>scribendum</span> <span class='ocrx_word' id='word_1_434' title='bbox 766 4233 901 4289; x_wconf 80' lang='lat' dir='ltr'>atcumqae3</span> <span class='ocrx_word' id='word_1_435' title='bbox 916 4225 1000 4276; x_wconf 85' lang='lat' dir='ltr'>fateor</span> <span class='ocrx_word' id='word_1_436' title='bbox 1016 4235 1101 4276; x_wconf 91' lang='lat' dir='ltr'>tamen</span> <span class='ocrx_word' id='word_1_437' title='bbox 1113 4225 1175 4274; x_wconf 93' lang='lat' dir='ltr'>mihi</span> <span class='ocrx_word' id='word_1_438' title='bbox 1187 4222 1296 4286; x_wconf 90' lang='lat' dir='ltr'>priorem</span> 
     </span>
     <span class='ocr_line' id='line_1_44' title="bbox 181 4288 1296 4357; baseline 0 -20"><span class='ocrx_word' id='word_1_439' title='bbox 181 4288 328 4353; x_wconf 91' lang='lat' dir='ltr'>opinionem</span> <span class='ocrx_word' id='word_1_440' title='bbox 340 4288 422 4352; x_wconf 83' lang='lat' dir='ltr'>magis</span> <span class='ocrx_word' id='word_1_441' title='bbox 434 4291 542 4354; x_wconf 88' lang='lat' dir='ltr'>probari,</span> <span class='ocrx_word' id='word_1_442' title='bbox 554 4293 664 4357; x_wconf 86' lang='lat' dir='ltr'>primum</span> <span class='ocrx_word' id='word_1_443' title='bbox 677 4294 710 4342; x_wconf 93' lang='lat' dir='ltr'>ob</span> <span class='ocrx_word' id='word_1_444' title='bbox 722 4309 825 4345; x_wconf 85' lang='lat' dir='ltr'>causam</span> <span class='ocrx_word' id='word_1_445' title='bbox 831 4305 913 4350; x_wconf 71' lang='lat' dir='ltr'>autea</span> <span class='ocrx_word' id='word_1_446' title='bbox 924 4295 1035 4356; x_wconf 84' lang='lat' dir='ltr'>allatam,</span> <span class='ocrx_word' id='word_1_447' title='bbox 1047 4301 1102 4344; x_wconf 86' lang='lat' dir='ltr'>tum</span> <span class='ocrx_word' id='word_1_448' title='bbox 1114 4292 1174 4356; x_wconf 86' lang='lat' dir='ltr'>qnia</span> <span class='ocrx_word' id='word_1_449' title='bbox 1184 4289 1229 4339; x_wconf 86' lang='lat' dir='ltr'>illa</span> <span class='ocrx_word' id='word_1_450' title='bbox 1239 4303 1296 4338; x_wconf 84' lang='lat' dir='ltr'>sen-</span> 
     </span>
    </p>
   </div>
   <div class='ocr_carea' id='block_1_8' title="bbox 0 0 1461 4792">
    <p class='ocr_par' dir='ltr' id='par_1_9' title="bbox 0 0 1461 4792">
     <span class='ocr_line' id='line_1_45' title="bbox 0 0 1461 4792; baseline 0 0"><span class='ocrx_word' id='word_1_451' title='bbox 0 0 1461 4792; x_wconf 95' lang='lat' dir='ltr'> </span> 
     </span>
    </p>
   </div>
  </div>
 </body>
</html>
