2896 4792
133 285 174 349 66
225 299 430 348 nsruaffls
453 298 596 347 maroa.
627 300 697 346 um.
713 299 788 345 xvr.
818 299 897 346 aar.
912 299 1011 346 xurv.
1042 297 1140 347 sacr.
1155 301 1188 345 a.

131 452 243 517 fronde
272 451 460 528 conficiunt,
495 461 532 515 ut
562 450 638 515 inde
666 450 817 536 appellati
846 471 974 533 quoque
995 451 1260 536 interpretatione

132 551 259 619 Graeca
272 552 397 639 possint
412 550 559 617 Druidae
574 551 692 628 videri3
715 551 877 617 enimvero
898 552 1055 635 quidquid
1077 552 1259 637 adgnasca-

133 665 186 719 tur
213 655 286 732 illis,
316 677 334 720 e
364 655 452 719 caelo
473 653 607 719 missum
628 663 744 739 putant
765 653 957 738 signumque
980 675 1051 718 esse
1073 655 1195 719 electae
1216 654 1259 721 ab

131 755 204 841 ipso
226 755 286 820 deo
307 754 441 821 arboris.
480 754 543 820 Est
564 765 671 819 autem
692 755 727 818 id
747 777 855 818 rarum
877 755 1049 820 admodum
1071 754 1205 821 inventu
1227 768 1261 824 et
1273 771 1324 818 aaa

131 867 295 942 repertum
316 878 434 943 magna
454 856 610 943 religione
633 856 754 942 petitur
782 866 814 920 et
834 866 908 920 ante
929 857 1037 921 omnia
1058 868 1150 922 sexta
1170 859 1258 936 luna,

132 980 215 1043 quae
235 959 396 1045 principia
415 980 563 1023 mensum
585 979 804 1041 annorumque
826 957 876 1022 his
890 957 976 1036 facit,
1000 969 1031 1023 et
1048 960 1167 1025 saeculi
1183 971 1261 1045 post

133 1060 329 1125 tricesimum
351 1082 486 1137 annm,
517 1058 594 1142 quia
619 1059 684 1123 iam
705 1058 822 1123 virium
843 1058 972 1124 abunde
994 1059 1114 1125 habeat
1134 1084 1194 1125 nec
1217 1062 1261 1126 sit

133 1160 182 1227 sui
204 1161 353 1238 dimidia,
380 1161 487 1226 omnia
509 1169 675 1225 sanantem
697 1160 894 1245 appellantes
917 1182 974 1225 suo
996 1162 1161 1228 vocabulo.
1197 1159 1259 1228 Sa·

131 1262 252 1328 orificio
273 1262 443 1347 epulisque
464 1262 526 1327 rite
554 1261 614 1326 sub
636 1261 749 1327 arbore
771 1262 953 1348 conparatis
981 1263 1062 1328 duos
1089 1264 1260 1330 admovent

132 1363 260 1428 candidi
281 1364 394 1429 coloris
423 1374 532 1428 tauros
561 1385 697 1447 quorum
719 1386 839 1428 cornua
862 1374 931 1427 tum
952 1364 1089 1447 primum
1114 1365 1258 1430 vincian-

132 1475 194 1529 tur.
227 1462 385 1530 Sacerdos
413 1464 551 1529 candida
577 1475 666 1530 veste
695 1466 801 1530 cultus
823 1465 971 1530 arborem
999 1466 1139 1543 scandit,
1174 1466 1258 1532 falce
1271 1478 1319 1525 2⁵¹

131 1588 229 1632 aurea
250 1566 400 1646 demetit;
423 1566 562 1631 candido
583 1566 617 1630 id
640 1566 800 1651 excipitur
822 1588 910 1653 sago.
932 1566 1017 1631 Tum
1033 1566 1148 1632 deinde
1163 1567 1258 1632 victi-

130 1691 201 1733 mas
221 1669 376 1734 inmolant
396 1679 577 1753 precantes,
600 1689 693 1731 suum
715 1667 836 1732 donum
857 1669 938 1733 deus
955 1691 1147 1755 prosperum
1160 1669 1259 1734 faciat

130 1768 181 1834 bis
208 1769 326 1853 quibus
353 1769 488 1833 dederit.
526 1767 774 1833 Fecunditatem
800 1790 838 1833 eo
865 1780 941 1855 poto
970 1771 1040 1834 dari
1067 1771 1258 1855 cuicumque

132 1869 315 1934 animalium
337 1869 438 1936 sterili
459 1868 671 1948 arbitrantur,
699 1880 809 1936 contra
837 1893 963 1936 venena
985 1895 1056 1937 esse
1077 1872 1183 1937 omnia
1204 1895 1258 1938 re-

132 1970 250 2035 medio.
271 1970 376 2036 Tanta
396 1972 543 2060 gentium
563 1972 598 2037 in
617 1972 715 2038 rebus
730 1972 854 2039 frivolis
869 1974 1056 2059 plerumque
1071 1972 1183 2061 religio
1199 1986 1256 2040 est.

167 2176 305 2242 appellatio,
317 2195 341 2229 a
359 2220 391 2230 -
408 2177 581 2244 adqnaseator,
593 2196 616 2230 a
633 2177 789 2241 adnascatur,
802 2175 874 2245 ᾱβγ.

168 2248 253 2310 5250.
282 2244 412 2306 damam,
424 2251 468 2297 ad.
488 2288 519 2297 ..
538 2247 638 2308 invento,
650 2264 672 2297 a.
690 2287 715 2296 -
736 2263 845 2307 mmmm,
858 2265 881 2298 a.
899 2246 1018 2306 maresium,
1031 2244 1101 2312 (ὶβγ.
1120 2291 1151 2298 -
1168 2249 1257 2311 secuda,

134 2330 158 2364 a.
176 2355 208 2363 ..
227 2313 642 2373 etmmsinoasitdimidiafflalsc.
656 2355 688 2363 ..
710 2314 923 2379 appellabar...
946 2314 1080 2377 Saonfln'o,
1093 2317 1143 2366 Ta.
1172 2315 1257 2368 Sat-ri.

127 2381 204 2444 ficiis,
216 2377 287 2446 dssr.
306 2423 338 2433 -
357 2381 508 2447 casaperota,
524 2376 622 2434 Orac.
638 2382 801 2446 praeparauit,
812 2377 842 2443 β.
860 2424 892 2432 ..
912 2391 968 2441 tum,
980 2386 1023 2433 ad.
1042 2391 1104 2441 tanc,
1114 2381 1165 2448 βγ.

169 2448 255 2510 §251.
281 2448 382 2510 demetit,
395 2452 440 2499 ud.
459 2449 565 2512 demittit,
576 2446 606 2512 β.
627 2491 657 2499 ..
679 2459 812 2513 precantes,
824 2453 868 2501 ad.
886 2459 1014 2514 precantes
1025 2459 1057 2512 at,
1069 2446 1120 2516 βγ.
1141 2493 1172 2502 ..
1191 2451 1256 2514 deas,

135 2532 158 2565 a
185 2515 339 2578 audeamd.
366 2559 392 2566 -
421 2517 515 2582 quique,
532 2513 560 2569 θ.
584 2559 616 2569 .,
642 2517 789 2579 animalium,
810 2511 908 2569 orac.
935 2516 1042 2579 animali,
1054 2513 1083 2579 β.
1108 2561 1138 2568 -
1165 2528 1256 2582 σοπινσ,

102 2650 105 2655 ι
138 2576 238 2635 oran.
256 2592 392 2648 contraque,
403 2581 432 2647 β.
452 2627 483 2635 -
501 2602 550 2634 erse
562 2586 648 2648 omae,
660 2588 706 2636 ad.
724 2587 803 2636 omnia
814 2602 871 2648 esre,
882 2581 932 2650 βγ.
