2896 4792
202 257 263 321 let
553 271 756 323 NATuRaals
780 260 974 323 Hlsroma'n

198 422 388 509 possideret.
431 422 643 488 Luxuriantia
664 423 729 488 iam
750 423 797 488 rei
818 422 967 509 publicae
988 424 1368 505 initiatamensura31s

198 521 291 589 Mani
317 523 448 607 quidem
475 521 555 589 Curi
581 534 655 609 post
689 524 867 611 triumphos
894 525 1140 610 inmensumque
1167 540 1323 600 terrarum

197 625 357 703 adiectum
382 623 506 709 inperio
525 637 600 689 nota
619 625 730 690 concio
751 637 800 690 est
820 625 1037 711 perniciosum
1055 626 1199 715 intellegi
1218 630 1323 696 civem

196 727 250 794 cui
278 738 401 812 septem
429 726 542 811 iugera
568 747 633 790 non
660 738 768 793 essent
794 725 884 793 satia
927 725 1020 792 Haec
1041 740 1148 795 autem
1169 753 1322 801 mensura

196 826 301 914 plebei
316 838 390 911 post
409 836 537 892 exectos
550 847 646 915 reges
660 826 830 914 adsignata
845 837 902 892 est.
936 824 1107 907 Quaenam
1122 852 1200 916 ergo
1214 841 1320 901 tautae
1336 850 1366 894 19

195 929 353 995 ubertatis
369 949 466 992 causa
484 928 573 993 erat?
594 927 746 1012 Ipsorum
766 939 843 993 tunc
861 927 1010 994 manibus
1028 930 1246 1017 inperatorum
1263 955 1319 998 cc·

194 1030 342 1097 labantur
370 1028 458 1116 agri,
491 1040 529 1092 ut
557 1029 608 1092 fas
635 1040 685 1093 est
713 1028 860 1107 credere,
892 1029 1055 1116 gaudente
1082 1042 1167 1099 terra
1191 1055 1319 1101 vomere

193 1132 339 1196 laureato
362 1140 395 1194 et
416 1127 599 1214 triumphali
621 1140 762 1206 aratore,
792 1129 861 1194 sive
886 1129 934 1199 ssli
956 1131 1068 1199 eadem
1097 1155 1175 1199 cura
1196 1134 1319 1200 semina

195 1231 376 1299 tractabant
402 1251 466 1314 qua
493 1229 577 1297 bella
603 1230 780 1314 eademque
809 1229 976 1316 diligentia
1002 1253 1080 1297 arva
1106 1233 1319 1324 disponebant

192 1355 258 1419 qua
279 1346 401 1410 castra,
425 1331 494 1396 sive
515 1330 658 1399 honestis
679 1329 827 1397 manibus
848 1331 957 1395 omnia
975 1331 1091 1401 laetius
1112 1336 1317 1418 proveniunt,

192 1436 344 1520 quoniam
363 1444 395 1498 et
413 1431 570 1498 curiosius
588 1430 680 1496 fiunt.
714 1427 882 1502 Serentem
895 1432 1085 1499 invenerunt
1099 1436 1166 1503 dati
1179 1437 1317 1504 honores
1331 1453 1364 1497 so

193 1533 383 1611 Serranum,
405 1531 491 1599 unde
511 1533 541 1597 ei
560 1543 592 1597 et
609 1554 797 1619 cognomen.
831 1532 950 1598 Aranti
969 1544 1120 1619 quattuor
1133 1559 1192 1603 aua
1204 1537 1318 1624 iugera

192 1637 228 1704 in
242 1636 401 1702 Vaticano
418 1655 501 1718 quae
521 1644 615 1719 prata
630 1630 765 1713 Quintia
784 1634 986 1718 appellantur
1002 1633 1192 1706 Cincinnato
1212 1639 1318 1705 viator

191 1737 300 1803 attulit
318 1736 509 1801 dictaturam
529 1734 722 1818 etquidem,
741 1743 779 1798 ut
792 1735 943 1814 traditur,
958 1737 1045 1802 nudo
1066 1737 1226 1823 plenoque
1242 1740 1316 1826 pul·

191 1840 278 1905 veris
289 1837 462 1907 etiamnum
474 1858 545 1911 ore;
562 1835 614 1901 cui
625 1835 738 1915 viator,
758 1835 853 1914 ‚,vela
863 1838 1014 1922 corpus”,
1030 1837 1146 1922 inquit,
1166 1850 1227 1916 „ut
1240 1862 1315 1925 per-

191 1941 292 2008 feram
311 1949 440 2006 semaia
459 1937 634 2024 populique
649 1935 788 2001 Romani
807 1937 990 2003 mandata.''
1020 1939 1116 2005 Tales
1137 1951 1204 2005 tum
1220 1940 1315 2006 etiam

101 2050 108 2059 ‘
192 2040 332 2106 viatores
361 2049 468 2117 erant,
497 2038 584 2123 quod
610 2039 717 2123 ipsum
744 2060 860 2103 nomen
886 2038 1022 2105 inditum
1049 2051 1099 2105 est
1125 2041 1261 2107 subinde
1281 2052 1315 2105 et

192 2165 235 2212 ex
261 2141 349 2228 agris
375 2150 524 2207 senatum
549 2139 714 2222 ducesque
736 2139 983 2205 arcessentibus.
1027 2141 1075 2205 At
1095 2163 1182 2211 nunc
1203 2141 1314 2207 eadem
1328 2156 1358 2202 21

190 2244 246 2313 illa
267 2242 367 2310 vincti
388 2243 504 2328 pedes,
532 2241 702 2307 damnatae
724 2263 838 2308 manns
859 2240 1067 2327 inscriptique
1094 2243 1199 2309 voltus
1219 2265 1314 2308 exer·

191 2357 282 2423 cent,
306 2366 371 2409 non
393 2353 458 2407 tam
480 2341 579 2409 surda
601 2342 728 2419 tellure,
750 2363 834 2425 quae
856 2363 973 2426 parens
992 2343 1173 2429 appellatur
1187 2343 1314 2426 colique

190 2447 309 2512 dicitur
335 2445 406 2532 ipae
431 2465 529 2528 opere
557 2443 599 2509 ab
626 2441 677 2509 his
704 2452 850 2528 sumpto,
878 2454 1004 2509 utnon
1030 2445 1131 2511 invita
1152 2467 1191 2509 ea
1211 2452 1243 2509 et
1263 2445 1313 2511 in-.

190 2548 346 2636 dignante
371 2544 524 2611 credatur
550 2543 585 2610 id
609 2543 689 2611 fieri.
724 2540 793 2611 Sed
822 2566 882 2608 nos
903 2545 1056 2610 miramur
1078 2545 1314 2632 ergastulorum

190 2670 255 2715 uon
276 2646 389 2714 cadem
409 2645 624 2720 emolumenta
646 2665 718 2709 esse
739 2665 822 2726 quae
843 2643 965 2710 fuerint
985 2644 1213 2732 inperatorum.
1314 2735 1321 2743 .

222 2841 293 2905 518.
311 2834 441 2896 advectum,
453 2838 477 2885 d.
496 2875 528 2884 ..
547 2832 630 2896 contio,
642 2849 666 2885 a.
686 2873 717 2882 ..
735 2841 892 2899 sanctarena,
905 2837 928 2886 d.

224 2924 240 2986 ξ
255 2927 294 2972 19.
310 2918 448 2985 pandectae,
461 2933 484 2967 a.

224 3004 293 3066 520.
311 3001 372 3052 aa&
383 3004 406 3053 ai
415 3009 445 3063 et,
461 2994 490 3051 θ.
508 2999 578 3061 unda,
590 2995 683 3066 adssy.
703 3042 734 3050 -
752 3001 895 3066 appellatur,
907 3021 930 3055 a.
950 3046 982 3055 ..
1003 3002 1145 3065 Cinciaaton
1157 3019 1181 3053 a.
1200 3044 1231 3053 -
1250 3005 1312 3055 nudo
1335 3047 1338 3053 .

187 3070 401 3138 plamae-om
417 3069 520 3132 singula
533 3069 611 3118 unius
622 3069 773 3119 narrationis
784 3073 860 3121 rerba
872 3074 1051 3123 confirmantur
1062 3088 1078 3121 a
1089 3073 1163 3124 Livio
1176 3077 1200 3132 3,
1212 3078 1253 3121 26.
1277 3081 1312 3122 to-

189 3155 246 3205 gam
258 3153 360 3202 propere
376 3151 388 3184 a
403 3136 495 3200 inparia
503 3135 613 3199 profarre
628 3151 723 3184 ararem
734 3136 857 3186 Racilt'am
869 3139 944 3200 iubat,
961 3155 1010 3202 qua
1021 3136 1093 3187 amal
1103 3139 1206 3187 abatareo
1216 3137 1312 3201 pulvera

191 3222 222 3257 oc
236 3202 322 3255 cadara
337 3202 428 3252 velatas
441 3202 563 3266 processit.
587 3202 691 3254 Gesner.
702 3219 763 3254 vero
774 3205 802 3254 in
813 3207 947 3257 chreston.
959 3207 1026 3256 Plin.
1042 3222 1067 3271 p.
1081 3211 1137 3255 570.
1150 3215 1176 3256 et
1186 3206 1273 3257 Klotz.
1285 3208 1312 3257 in

191 3273 266 3325 lehn.
277 3286 353 3323 nova
365 3270 460 3320 annall.
474 3276 514 3321 le.
526 3286 550 3334 p.
561 3277 619 3320 214.
632 3272 783 3327 adiectivnm
795 3270 857 3321 nudo
868 3289 921 3323 non
932 3275 966 3323 ad
979 3289 1018 3321 ara
1029 3273 1195 3334 referendum,
1207 3274 1253 3323 sed
1264 3289 1311 3336 pro

191 3340 276 3393 dativo
292 3339 450 3398 habendum,
466 3348 496 3387 ut
511 3339 544 3388 ad
562 3335 702 3387 Cincinnato
717 3339 855 3403 pertineat,
873 3341 1013 3390 docuerunt
1028 3342 1089 3390 coll
1106 3340 1237 3391 Plutarcb
1254 3340 1312 3391 Cat.

191 3409 250 3458 mai.
263 3413 296 3467 3.,
313 3407 356 3456 ubi
374 3407 406 3455 de
417 3404 521 3457 Valerio
533 3406 627 3456 Flacco
640 3409 750 3468 quodam
763 3406 854 3457 Catoni
865 3408 966 3471 aequali
979 3409 1081 3458 dicitur:
1104 3404 1209 3472 θέρους
1218 3403 1250 3455 δὲ
1262 3422 1307 3471 γυ·

189 3470 262 3536 aad<
272 3468 460 3539 ἐργασάμενος
468 3466 539 3533 μετὰ
550 3472 604 3521 τῶν
616 3469 737 3522 οἰκετῶν.
749 3475 817 3524 Hine
825 3482 930 3538 apparet
937 3476 986 3525 Ed.
995 3475 1123 3527 Huschkii
1133 3473 1310 3535 coniecturam,

191 3542 235 3606 qni
251 3543 278 3591 in
292 3541 371 3590 libro:
388 3540 446 3588 siber
462 3539 501 3588 die
517 3538 591 3590 Stella
606 3537 648 3588 das
666 3539 745 3590 Varro
760 3557 805 3590 von
821 3539 866 3589 den
880 3540 1004 3590 Liciniam
1015 3557 1040 3606 p.
1052 3547 1094 3591 22.
1112 3554 1159 3604 pro
1171 3553 1211 3586 are
1223 3540 1310 3602 legen·

191 3610 253 3661 dnm
270 3623 323 3660 rasa
338 3605 433 3656 tanao
448 3609 564 3672 putabat,
581 3623 792 3671 supervacaneam
807 3622 870 3658 ease.
897 3607 929 3657 In
945 3609 1018 3658 codd.
1035 3621 1095 3656 vero
1109 3620 1157 3720 Ero
1169 3606 1261 3667 verbis,
1279 3609 1311 3657 de

191 3677 283 3742 quibus
298 3675 389 3738 agitur,
402 3689 506 3740 prorsus
521 3675 572 3725 alia
586 3677 685 3741 (tantm,
701 3675 825 3738 siquidem
837 3675 915 3725 habat
924 3689 1009 3723 mamas
1020 3671 1107 3735 nodap
1130 3687 1216 3734 nmque
1226 3673 1311 3723 nuntia

190 3733 781 3874 maamad
792 3737 1310 3865 “tte

189 3880 265 3931 Dad.
284 3919 316 3928 -
334 3877 465 3942 perferam,
481 3869 550 3926 Oad.
570 3875 702 3939 proferam
712 3868 764 3938 βγ.
782 3874 816 3923 V.
829 3873 941 3926 Gronov.
954 3843 1061 3925 ad’Tac.
1072 3874 1168 3925 annell.
1183 3881 1205 3935 1,
1217 3845 1258 3926 nd.
1277 3915 1316 3939 ..-

189 3953 214 3996 ct
224 3962 261 4010 aa,
272 3963 295 3997 a.
318 3961 356 4008 aa,
368 3945 420 3996 Td.
439 3983 472 3994 ..
488 3941 668 4004 meantibus,
680 3935 729 3991 Oa.
747 3940 926 4004 emerentiana,
938 3943 963 3992 d.
980 3940 1159 4003 maerentibus,
1169 3938 1199 4004 β.

224 4028 296 4092 δὶἱ.
318 4026 479 4092 instantique,
494 4019 593 4077 Oreo.
618 4024 733 4088 ὸιεαῲῑί,
749 4019 779 4086 β.
798 4064 830 4074 -
853 4032 911 4087 tan,
926 4018 989 4077 θοὰ
1003 4023 1197 4089 (coddann)
1223 4034 1310 4088 tamea

189 4091 240 4162 βγ.
259 4138 291 4147 ..
312 4097 376 4161 span,
387 4096 412 4144 rt
438 4101 462 4141 at
476 4092 539 4156 ipen,
555 4087 612 4153 aad:
622 4133 655 4142 ..
682 4107 759 4156 opera,
775 4092 813 4145 ita
822 4107 871 4143 nos
882 4094 1035 4159 scripsimus.
1060 4091 1154 4154 lionae,
1164 4109 1189 4144 a.
1214 4091 1309 4152 haara,

191 4160 264 4231 ᾱβγ.
277 4204 308 4215 -
323 4160 512 4224 abbnmnpto,
525 4152 553 4209 θ.
571 4158 785 4223 Ᾰὼαὸσιινηρω,ι
803 4157 1064 4226 ἧὺωὼαωρηᾱβγ.
1082 4159 1175 4220 linat.
1193 4159 1310 4211 Graviter

190 4232 335 4296 indignatur
344 4230 411 4281 Plin.
423 4238 516 4279 terram
533 4228 582 4277 dici
598 4226 645 4276 cali
659 4242 727 4291 opera
743 4223 825 4293 (quod
837 4230 937 4293 propria
949 4231 980 4280 de
991 4244 1018 4280 re
1029 4229 1123 4280 metica
1134 4228 1183 4277 dici
1195 4222 1307 4286 comat)
