2896 4792
204 255 245 317 70
557 270 759 316 rsruasms
783 269 976 317 marorum

203 445 330 499 earum3
353 422 414 486 hoc
436 433 485 485 est
506 420 585 485 illud
606 420 819 506 quadriduum
842 421 921 485 oleis
943 421 1166 501 decretorium,
1197 424 1250 488 hic
1271 446 1325 487 ar-

203 525 319 589 ticulus
341 523 504 588 austrinus
525 521 627 588 nubili
649 524 759 606 spurci
780 523 866 606 quod
881 521 1031 587 diximus.
1054 521 1183 611 Fruges
1199 543 1371 609 quoquam

203 625 295 713 peius
324 635 543 689 maturescunt
569 622 720 688 austrinis
750 621 864 688 diebus
894 623 950 688 sed
973 623 1118 690 celerius.
1161 625 1222 690 Illa
1250 638 1327 692 sunt

203 726 301 792 noxia
336 726 456 814 frigora
493 746 576 809 quae
616 723 886 810 septentrionibus
918 735 975 788 aut
1001 728 1219 812 praeposteris
1245 726 1329 791 fiunt

204 828 301 893 horis.
334 826 484 893 Hiemem
512 827 643 911 quidem
669 825 864 910 aquiloniam
891 846 962 890 esse
989 827 1137 893 omnibus
1161 828 1238 893 satis
1260 828 1325 892 uti-

204 930 377 1005 lissimnm3
411 927 523 993 imbris
555 949 632 992 vero
666 938 733 990 tum
765 925 937 1011 expetendi
969 926 1101 992 evidens
1134 951 1231 993 causa
1266 940 1327 1004 est,

204 1031 354 1117 quoniam
383 1027 514 1094 arbores
540 1029 609 1093 fetu
637 1027 818 1093 exinanitas
847 1039 880 1091 et
905 1025 1052 1092 foliorum
1079 1051 1207 1112 quoque
1228 1032 1326 1097 amis·

204 1135 293 1199 sione
307 1131 478 1219 languidas
493 1131 639 1196 naturale
654 1141 703 1195 est
716 1129 810 1194 avide
826 1130 963 1205 esurire;
987 1130 1077 1195 cibus
1092 1141 1199 1196 autem
1215 1153 1326 1197 aarum

205 1235 315 1300 imber.
340 1232 450 1315 Quare
473 1233 614 1318 tepidam
637 1253 707 1296 esse
729 1231 878 1309 hiemem,
908 1242 943 1295 ut
964 1230 1135 1317 absumpto
1156 1243 1251 1317 partu
1273 1255 1326 1296 ar·
1341 1253 1372 1297 ra
1419 1269 1424 1277 ·

204 1337 320 1402 borum
342 1345 494 1420 sequatur
514 1334 661 1421 protinus
684 1344 858 1418 conceptus
879 1331 914 1395 id
937 1342 986 1397 est
1000 1334 1188 1419 germinatio
1209 1357 1247 1398 ac
1268 1334 1326 1399 de·

204 1438 279 1504 inde
299 1438 376 1503 alia
400 1435 590 1501 florescendi
617 1433 801 1512 exinanitio,
834 1433 1073 1498 inutilissimum
1101 1435 1328 1520 experimentis

205 1538 363 1618 creditur3
394 1537 472 1622 quin
498 1538 595 1602 immo
625 1536 651 1601 si
673 1538 783 1623 plnres
803 1535 849 1599 ita
871 1536 1098 1600 continuentur
1119 1538 1204 1615 anni,
1228 1538 1328 1602 etiam

204 1641 294 1727 ipsae
316 1639 492 1706 moriantur
512 1639 653 1714 arbores,
682 1637 811 1723 quando
831 1636 950 1701 nemini
972 1636 1071 1702 dubia
1092 1659 1196 1723 paena
1223 1639 1328 1703 estin

206 1743 291 1807 fame
312 1740 537 1806 laborantium.
571 1737 664 1823 Ergo
686 1736 742 1820 qui
764 1737 845 1801 dixit
866 1736 987 1802 hiemes
1009 1761 1140 1805 serenas
1169 1741 1328 1827 optandas

205 1864 269 1908 non
291 1863 351 1928 pro
373 1840 542 1906 arboribus
564 1848 639 1903 vota
661 1838 748 1903 fecit.
785 1838 855 1904 Nec
876 1861 935 1924 per
958 1841 1091 1905 solstitia
1110 1840 1230 1906 imbres
1251 1842 1374 1907 viti-14

206 1944 267 2009 bus
290 1943 482 2007 conducunt.
509 1939 656 2004 Hiberno
678 1939 808 2022 quidem
829 1941 961 2026 pulvere
983 1941 1130 2007 laetiores
1151 1942 1220 2008 fieri
1241 1966 1327 2008 mes·

207 2043 251 2109 sis
278 2041 472 2110 luxuriantis
500 2041 612 2126 ingeni
642 2040 805 2106 fertilitate
833 2041 954 2119 dictum
981 2053 1041 2106 est.
1077 2043 1231 2127 Alioquin
1252 2055 1329 2110 vota

207 2145 358 2210 arborum
391 2144 585 2230 frugumque
614 2142 784 2207 conmunia
816 2153 892 2206 sunt
918 2142 1001 2207 nivis
1028 2143 1168 2208 diutinas
1197 2145 1327 2224 sedere3
1404 2188 1405 2195 .

207 2269 304 2312 causa
332 2268 396 2310 non
424 2244 542 2321 solum,
572 2242 648 2326 quia
676 2244 815 2307 animam
837 2256 940 2308 terrae
962 2258 1204 2311 evanescentem
1228 2246 1327 2311 exha-

207 2347 324 2413 latione
345 2345 513 2431 includunt
535 2355 568 2409 et
589 2345 793 2430 conprimunt
814 2353 962 2428 retroque
984 2357 1085 2433 agunt
1105 2348 1138 2410 iu
1160 2348 1237 2412 viris
1257 2348 1328 2412 fru-

207 2471 286 2535 gum
312 2459 408 2532 atque
435 2446 571 2525 radices,
602 2468 714 2512 verum
742 2446 829 2531 quod
856 2458 889 2510 et
914 2447 1071 2530 liquorem
1093 2451 1210 2513 sensim
1232 2471 1328 2535 prae·

208 2551 285 2616 bent
311 2572 429 2635 purum
457 2558 624 2633 practerea
646 2547 917 2632 levissimumque,
946 2549 1074 2632 quando
1095 2550 1151 2613 nix
1173 2571 1328 2634 aquarum

208 2650 393 2716 caelestium
416 2671 530 2736 spuma
553 2660 612 2714 est.
641 2648 731 2738 Ergo
753 2672 845 2715 umor
867 2672 908 2715 ex
929 2649 980 2714 his
1001 2673 1065 2715 non
1086 2651 1375 2716 universum-1⁵

208 2753 377 2840 gurgitans
410 2752 599 2836 diluensque
632 2752 689 2817 sed
718 2750 878 2835 quomodo
910 2751 1016 2816 sititur
1042 2752 1208 2816 destillans
1240 2752 1330 2816 velut

208 2875 249 2917 ex
277 2853 378 2919 ubere
406 2854 463 2918 alit.
490 2853 596 2917 omnia
622 2875 705 2938 quae
726 2873 791 2917 non
812 2852 956 2916 inundat.
993 2851 1104 2917 Tellus
1126 2874 1253 2936 quoque
1274 2852 1331 2917 illo

208 2954 302 3019 modo
334 2953 554 3018 fermentescit
585 2965 617 3018 et
643 2954 693 3018 sui
719 2953 814 3038 plena
840 2974 860 3015 a
885 2951 1134 3018 lactescentibus
1161 2953 1237 3016 satis
1264 2973 1330 3018 non

209 3055 316 3130 effeta,
338 3077 411 3120 cum
433 3066 560 3140 tempus
582 3054 696 3140 aperit,
721 3053 837 3137 tepidis
852 3052 979 3118 adridet
993 3052 1090 3119 horis.
1112 3053 1167 3118 Ita
1179 3073 1329 3118 maxume

208 3156 367 3221 frumenta
393 3155 619 3243 pinguescunt,
647 3164 869 3240 praeterquam
897 3153 953 3219 ubi
983 3154 1105 3221 calidus
1128 3177 1254 3241 semper
1275 3177 1330 3220 aer

243 3378 323 3411 aarum
340 3372 381 3423 eat,
398 3366 422 3413 d.
442 3405 472 3412 -
491 3361 659 3427 quadriduum,
674 3377 697 3410 a.
716 3360 876 3425 quatriduum,
893 3358 966 3426 (ἱβγ.
986 3404 1017 3412 ..
1035 3363 1123 3426 sparsi,
1139 3381 1159 3413 r.
1180 3403 1206 3412 ..
1228 3360 1331 3411 diximus
1357 3379 1359 3382 ’

243 3467 258 3562 ’ξ
273 3503 311 3547 lu.
329 3497 434 3558 fflanes,
446 3514 469 3547 a.
486 3499 528 3548 De
540 3515 567 3548 re
578 3515 601 3546 v.
615 3498 749 3561 Theophr.
761 3500 792 3547 de
805 3513 872 3548 caus.
882 3499 963 3562 plant.
976 3498 1011 3548 IL
1026 3504 1049 3559 l,
1062 3505 1086 3548 2.
1100 3539 1130 3547 ..
1145 3506 1201 3559 tum,
1210 3500 1255 3547 ad.
1269 3505 1330 3559 tunc,

208 3561 260 3630 βγ.
276 3607 304 3614 ..
325 3566 452 3627 mutuae,
468 3558 566 3617 OTad.

243 3636 311 3698 §lta
330 3633 531 3696 floresceutbffl.
554 3675 585 3683 ..
613 3632 752 3694 moriautur,
772 3625 873 3683 Orac.
900 3633 1038 3692 mortuam,
1049 3628 1078 3693 β.
1101 3673 1132 3680 -
1160 3630 1229 3695 Erpa
1240 3632 1330 3694 quinti

209 3702 306 3764 Vergil.
319 3717 405 3766 georg.
421 3707 512 3762 1‚100.
531 3743 562 3750 -
582 3700 710 3761 amoribus,
724 3701 760 3750 a¹.

243 3771 257 3832 ξ
272 3776 311 3819 14.
339 3769 492 3829 Isauriautes,
505 3787 544 3820 ar.
564 3809 596 3818 ..
614 3766 844 3832 inperiifertilitutc,
856 3783 907 3818 om.
920 3785 939 3817 r.
959 3808 989 3816 -
1009 3765 1131 3828 Alioquin,
1143 3768 1205 3815 adr.
1223 3763 1330 3829 Alioqui,

209 3833 231 3898 β
235 3851 261 3902 γ.
275 3879 304 3887 -
325 3835 433 3898 insidere,
445 3839 535 3888 Dalac.
549 3878 579 3886 ..
596 3833 971 3899 praemonstratarum
985 3874 1016 3882 ..
1034 3848 1126 3896 spuma
1139 3835 1163 3882 d.
1177 3833 1276 3896 pruina,
1288 3849 1329 3884 ar.

155 3932 162 3939 ·
244 3907 311 3968 §la
338 3904 406 3971 Erpa
423 3922 489 3954 umor
504 3905 559 3966 mla
577 3905 710 3966 desumpta
725 3903 789 3953 haec
806 3918 860 3954 essa
876 3918 909 3953 cx
925 3901 1045 3965 Xenoph.
1062 3915 1152 3950 oecon.
1170 3908 1193 3962 2,
1210 3905 1250 3951 26.
1267 3902 1331 3952 vidit

210 3972 265 4021 Ian.
283 3974 365 4023 diurn.
383 3975 506 4037 antiquar.
521 3977 594 4022 1845.
607 3986 650 4019 no.
666 3976 721 4020 loo.
734 3986 758 4034 p.
774 3973 830 4020 799.
854 4010 884 4019 ..
911 3969 1030 4033 iayrraeaa,
1046 3968 1080 4019 K.
1104 4010 1134 4018 -
1161 3967 1291 4030 destillans,
1306 3987 1330 4019 a.

211 4037 337 4100 diatritum,
350 4037 420 4106 ᾱβγ.
434 4081 465 4090 ..
485 4039 564 4088 omniu
574 4053 647 4100 acque
659 4035 846 4096 inundat,Pint.
860 4077 890 4086 -
910 4033 1016 4096 mundat,
1028 4050 1051 4085 a
1068 4077 1099 4086 -
1118 4035 1173 4097 ullo,
1186 4054 1208 4087 a.
1229 4077 1259 4086 -
1270 4037 1330 4098 fru-

211 4108 335 4170 mentescit‚
347 4125 367 4158 r.
386 4149 416 4158 ..
435 4105 480 4167 rui,
492 4108 538 4157 ad.
555 4103 626 4165 succi,
638 4099 688 4167 βγ.
708 4145 739 4153 ..
758 4117 782 4165 u,
795 4104 839 4152 ad.
857 4119 894 4164 ac,
905 4100 956 4170 βγ.
978 4145 1007 4153 ..
1026 4102 1090 4164 alubi,
1105 4107 1128 4155 d.
1143 4147 1172 4154 ..
1192 4105 1278 4171 effecti,
1291 4121 1313 4154 a.

245 4172 260 4234 §
275 4180 314 4225 16.
332 4175 365 4225 In
377 4174 466 4223 maiora
475 4182 546 4238 parte
560 4174 613 4233 rel,
625 4172 757 4236 Theophr.
772 4174 803 4221 de
815 4186 882 4222 caus.
914 4174 975 4224 lant.
988 4172 1023 4223 11.
1035 4179 1057 4234 l,
1068 4179 1090 4223 6.
1104 4215 1134 4223 ..
1155 4171 1331 4237 indulgentium,

212 4258 234 4290 a.
255 4283 285 4290 -
304 4242 425 4304 obnoxiae,
437 4260 456 4292 r.
476 4284 506 4293 ..
526 4239 630 4305 quaudo,
645 4231 743 4291 Orac.
762 4187 914 4304 quoniamst
