2896 4792
1158 164 1167 199 l

340 302 412 347 nm.
427 300 528 346 xvnr.
557 297 636 345 oar.
652 297 739 343 xxv.
756 297 856 343 xxvi.
889 293 986 341 anor.
1001 294 1084 338 εει-62.
1207 277 1267 339 195

146 454 279 530 diebus3
302 452 347 517 ita
368 451 497 516 demum
521 449 589 513 sine
603 447 772 514 limacibus
786 449 863 512 fore.
888 445 1030 528 Quidam
1045 444 1155 531 pabuli
1170 466 1269 511 causa

146 556 194 622 sic
215 553 328 620 iubent
348 552 424 630 seri,
447 550 578 617 seminis
599 561 707 614 autem
729 570 815 614 vere.
848 547 912 613 Est
934 557 966 613 et
987 546 1050 612 alia
1070 546 1269 613 manifestior

145 657 226 722 ratio
247 654 442 721 mirabiliore
464 665 597 717 naturae
619 650 836 736 providentia,
864 650 983 733 inqua
1005 646 1172 714 Ciceronis
1191 652 1268 714 'sen-

145 758 278 826 tentiam
298 757 403 844 ipsius
424 754 532 821 verbis
554 752 831 839 subsignabimus:

246 858 318 924 Iam
339 880 417 923 vero
439 877 566 940 semper
588 855 700 920 viridis
723 875 913 939 semperque
935 862 1070 939 gravata

247 960 421 1025 Lentiscus
443 957 560 1043 triplici
583 956 676 1021 solita
697 967 748 1021 est
769 956 984 1042 grandescere
1004 955 1089 1033 fetu;

250 1060 317 1126 Ter
338 1062 448 1148 fruges
470 1058 608 1124 fundens
630 1058 691 1121 tria
712 1068 857 1142 tempora
879 1069 1036 1122 monstrat
1056 1057 1179 1122 arandi.

145 1161 201 1226 Ex
228 1160 278 1226 bis
307 1184 406 1227 unum
434 1160 495 1226 hoc
525 1159 584 1223 erit
610 1159 698 1227 idem
726 1169 759 1225 et
784 1159 851 1225 lino
880 1182 918 1224 ae
947 1158 1101 1245 papaveri
1122 1158 1269 1225 serendo.
1283 1169 1332 1216 229

147 1261 231 1329 Cato
253 1263 294 1328 de
316 1283 478 1348 papavere
500 1259 545 1325 ita
567 1259 680 1324 tradit:
711 1261 844 1346 „virgas
866 1272 898 1325 et
920 1272 1080 1325 sarmenta
1107 1281 1189 1344 quae
1211 1259 1270 1328 tibi

148 1364 256 1431 usioni
278 1373 471 1450 supererunt
495 1361 530 1426 in
552 1372 662 1447 segete
684 1362 869 1438 conburito;
899 1361 956 1426 nbi
981 1385 1035 1426 eas
1055 1360 1269 1442 conbusseris,

145 1465 191 1532 ibi
212 1488 354 1552 papaver
376 1464 507 1530 serito.’'
532 1460 689 1528 Silvestre
707 1463 743 1527 in
757 1463 837 1527 miro
852 1484 914 1527 usn
928 1475 980 1528 est
993 1464 1085 1529 melle
1101 1463 1270 1530 decoctum

145 1567 187 1631 ad
206 1566 346 1632 faucium
366 1564 519 1657 remedia,
542 1564 657 1647 visque
678 1563 852 1629 somnifera
872 1564 968 1629 etiam
990 1565 1103 1630 sative.
1126 1562 1172 1628 Et
1192 1563 1269 1631 bac·

146 1678 238 1733 tenus
259 1669 299 1733 de
319 1666 455 1732 hiberna
477 1677 629 1732 semente.

187 1768 324 1835 XXVI.
348 1769 398 1833 62.
437 1766 562 1835 Verum
591 1777 626 1831 ut
652 1766 776 1853 pariter
804 1768 908 1832 omnis
937 1766 1080 1832 culturae
1106 1766 1269 1851 quoddam
1282 1777 1332 1822 2³⁰

145 1871 339 1939 breviarium
361 1878 544 1956 peragatur,
567 1868 678 1934 eodem
699 1879 841 1955 tempore
856 1867 1027 1934 conveniet
1040 1867 1172 1934 arbores
1187 1879 1268 1935 ster-

147 1995 276 2050 corare,
299 1970 505 2036 adcumulare
526 1970 605 2035 item
626 1970 748 2048 vineas,
771 2024 812 2034 ..
842 1969 961 2035 sufficit
981 1970 1014 2035 in
1035 1969 1183 2057 iugerum
1205 1994 1270 2039 una

145 2095 254 2160 opera,
270 2127 310 2137 .-
333 2083 366 2137 et
379 2071 435 2136 ubi
450 2071 591 2157 patietur
611 2071 674 2136 loci
696 2070 778 2136 ratio
800 2071 931 2137 arbusta
953 2094 991 2136 ac
1013 2071 1122 2137 vineas
1143 2082 1268 2159 putare,

145 2177 249 2242 solum
270 2173 448 2240 seminariis
469 2173 588 2260 bipalio
610 2195 822 2259 praeparare,
851 2173 960 2239 incilia
981 2173 1124 2259 aperire,
1152 2196 1269 2259 aquam

118 2293 123 2301 ·
144 2277 186 2344 de
211 2296 290 2362 agro
316 2276 453 2361 pellere,
488 2274 630 2340 torcular
657 2275 765 2341 lavare
792 2285 826 2341 et
849 2275 1033 2342 recondere.
1068 2275 1102 2340 A
1122 2275 1269 2342 kalendis
1281 2282 1327 2329 2³¹

131 2376 319 2463 *Novembn
341 2376 468 2464 gallinis
490 2399 557 2441 ova
572 2368 761 2462 supponere
777 2377 892 2455 nolito,
922 2377 1024 2443 donec
1050 2376 1165 2443 bruma
1190 2400 1268 2445 con·

144 2477 288 2556 ficiatur3
310 2479 344 2542 in
365 2500 442 2543 eum
463 2477 549 2542 diem
571 2477 748 2543 ternadena
769 2478 907 2544 subicito
928 2488 1050 2544 aestate
1065 2487 1142 2556 tota,
1164 2479 1267 2545 hieme

143 2579 306 2666 pauciora,
328 2603 392 2645 non
415 2591 522 2644 tamen
542 2578 625 2643 infra
639 2601 772 2644 novena.
794 2578 1001 2644 Democritus
1016 2580 1112 2644 talem
1126 2579 1267 2645 futuram

143 2680 282 2747 hiemem
311 2681 496 2760 arbitratur,
530 2680 633 2764 qualis
662 2680 758 2746 fuerit
784 2679 918 2745 brumae
940 2680 1009 2746 dies
1030 2691 1062 2746 et
1085 2679 1171 2746 circa
1193 2704 1265 2747 eum

145 2782 243 2859 terni3
265 2784 343 2848 item
365 2783 501 2848 solstitio
523 2793 688 2847 aestatem.
727 2779 824 2847 Circa
852 2780 999 2846 brumam
1027 2781 1189 2868 plerisque
1216 2783 1266 2848 bia

145 2896 280 2970 septem,
294 2883 488 2969 halcyonum
502 2884 619 2962 fetura,
642 2894 810 2949 ventorum
823 2884 943 2968 quiete,
965 2883 1112 2950 molliunt
1126 2885 1265 2961 caelum3

177 3059 263 3120 §m
286 3055 372 3119 vtique,
391 3065 449 3120 post
467 3057 547 3106 Varro
563 3059 676 3109 collocat
688 3061 712 3109 d.
731 3100 763 3108 .-
786 3065 858 3120 statu,
870 3076 893 3108 a.
913 3101 944 3109 ..
965 3059 1090 3123 praeripit,
1103 3061 1127 3109 d.
1145 3059 1178 3108 V.
1191 3060 1265 3110 Varr.

144 3125 175 3174 de
186 3137 213 3173 ro
224 3133 287 3174 rust.
299 3124 320 3172 Ι.
334 3130 377 3185 34,
389 3132 412 3175 2.
432 3166 462 3174 ..
483 3124 570 3187 lentim
583 3142 605 3175 a.
625 3167 656 3176 ..
674 3127 785 3176 maimo
795 3126 880 3189 quinta
888 3126 926 3176 ad
936 3127 1084 3186 tricesimam,
1096 3128 1139 3176 ad.
1158 3125 1265 3176 viceritne

144 3189 432 3254 quintocdtricerimvm,
448 3188 477 3253 β.
497 3235 528 3243 -
555 3193 645 3254 avam,
663 3209 686 3243 a.
705 3235 736 3244 -
756 3195 823 3257 fore,
839 3211 862 3244 a„
880 3195 986 3259 fierid.
1006 3235 1037 3244 -
1064 3194 1264 3255 ἰαὸαιιεοή,αᾶ.

143 3259 192 3308 aeri
206 3259 291 3320 rabant,
307 3255 358 3324 βγ.
377 3301 409 3310 ..
434 3268 484 3321 avt,
496 3277 519 3310 a.
539 3302 570 3310 ..
597 3259 715 3310 Camenis
732 3263 763 3311 de
780 3262 1011 3323 divinat.1.9,15.
1030 3279 1062 3312 ex
1074 3264 1147 3312 Arati
1161 3264 1264 3314 dionem.

146 3331 219 3377 loto.
238 3368 268 3376 ..
293 3327 488 3391 subsignavimus,
503 3330 548 3377 ad.
568 3369 600 3377 -
621 3337 746 3392 grauatae,
764 3331 787 3378 d.
807 3369 839 3378 ..
863 3329 953 3393 triplici
966 3328 1038 3379 solito
1049 3338 1126 3391 eet,a.
1148 3329 1220 3379 solita
1230 3338 1266 3378 ert
1304 3384 1307 3389 ¹

145 3392 241 3458 triplici,
252 3395 305 3444 Τά.
324 3436 355 3444 ..
378 3395 426 3444 Ter
428 3394 514 3458 flores,
526 3397 605 3446 Hard.
625 3436 655 3444 -
666 3394 767 3458 faudes,
779 3413 801 3446 a.
820 3437 850 3446 ..
869 3405 1001 3446 monstrata
1012 3396 1076 3459 radi,
1088 3413 1111 3448 a.

177 3460 193 3521 ξ
206 3468 264 3513 229.
284 3461 423 3526 papaveris,
435 3466 479 3513 ad.
501 3479 654 3527 papaverem,
670 3465 815 3514 Pontedera
826 3466 954 3529 antiquitt.
966 3481 991 3530 p.
1004 3471 1043 3516 52.
1057 3481 1091 3515 cx
1102 3468 1158 3516 eod.
1170 3467 1265 3516 Barcae

144 3530 204 3578 nati
222 3569 253 3579 -
277 3529 378 3591 mendi,
390 3546 413 3580 a
433 3572 464 3580 ..
491 3529 550 3584 Cato
566 3533 598 3581 de
614 3546 641 3581 ra
656 3539 718 3581 rust.
734 3538 774 3592 88,
787 3539 811 3581 4.
829 3570 861 3581 ..
884 3549 940 3595 qvo,
953 3549 975 3582 a
995 3574 1026 3583 -
1043 3533 1128 3594 usioni,
1140 3535 1219 3586 Hnrd.
1232 3549 1265 3584 ex

145 3595 199 3646 Cat.
222 3596 304 3659 osioni,
317 3600 369 3648 To.
391 3598 482 3659 ebioni,
494 3616 517 3649 a.
536 3598 653 3661 indeioni,
664 3616 684 3649 r.
708 3597 842 3659 inscribar,
853 3595 882 3661 β.
902 3640 932 3649 -
955 3609 1101 3664 supererunt,
1114 3604 1202 3653 Tadr.
1225 3618 1264 3650 ru·

140 3671 237 3726 pacat,
249 3661 278 3726 β.
298 3705 329 3714 ..
344 3682 474 3730 preparare,
486 3681 510 3715 a.
528 3709 560 3717 -
579 3665 693 3717 Silvestre
703 3667 736 3728 in,
748 3669 821 3718 Tad.
838 3666 944 3716 ribeatre
955 3667 1019 3731 qaod
1029 3669 1061 3730 in,
1072 3664 1102 3731 β.
1120 3671 1266 3720 Pontedera

144 3732 271 3796 antiquitt
283 3733 301 3782 1.
314 3734 332 3782 l.
344 3736 420 3783 verba
430 3733 657 3784 alamur-sativo
674 3743 703 3784 ut
718 3736 827 3785 inducia
843 3736 911 3785 delet
925 3737 985 3787 coll.
1000 3744 1039 3798 lv,
1054 3743 1109 3788 169.
1128 3744 1168 3797 20,
1181 3741 1264 3788 205...

50 3816 58 3825 ·
144 3803 202 3849 209.
222 3841 254 3849 -
272 3815 370 3862 vavae„

177 3869 193 3931 ξ
205 3874 263 3918 280.
279 3869 407 3930 conveniet,
419 3871 491 3921 Tad.
510 3869 617 3919 mevenit
628 3873 657 3932 et,
668 3865 720 3935 βγ.
739 3911 770 3920 ..
789 3870 895 3936 superum
907 3887 955 3920 ano
967 3888 1048 3936 opera,
1060 3874 1095 3922 ite
1105 3886 1153 3922 nos
1164 3872 1264 3935 scripsi·

144 3936 444 4000 muscoll.§254.262.
466 3936 572 4001 risqervm
584 3934 769 4002 operaadflr.
787 3980 819 3988 -
843 3937 919 4000 abia.
937 3979 969 3990 ..
989 3947 1083 4003 potare,
1094 3955 1117 3989 a.
1138 3980 1167 3988 -
1192 3937 1265 3990 roim
1307 3979 1309 3983 «
1394 3974 1397 3981 ·

143 4001 595 4133 ipuzffiffiaarg'ssmwwm’
607 4001 658 4070 βγ.
677 4046 708 4055 ..
726 4005 837 4068 aalma,
850 4009 886 4057 ε’.
906 4047 937 4057 ...
962 4005 1061 4069 broulo,
1073 4009 1104 4057 T.
1123 4046 1154 4056 ..
1174 4005 1265 4067 lavare,
1312 4048 1325 4060 ,

178 4107 263 4202 5231.
280 4108 452 4202 mbponire,a.
471 4180 503 4189 -
520 4137 612 4201 direct,
625 4155 676 4191 om.
689 4142 714 4190 d.
727 4182 758 4192 ..
775 4139 901 4205 planeque,
914 4158 936 4191 a.
951 4139 1067 4204 plerique,
1079 4141 1103 4190 d.
1118 4139 1265 4206 pleramque,

143 4203 176 4254 Κ.
195 4245 227 4255 ..
245 4204 366 4268 numam,
379 4222 402 4257 a.
421 4248 453 4256 -
470 4204 577 4269 quietare,
589 4211 633 4258 ad.
652 4248 683 4259 ..
702 4207 816 4271 molliunt,
828 4227 848 4259 r.
867 4206 977 4268 mettim,
990 4210 1035 4259 ed.
1057 4206 1141 4269 mollit,
1153 4211 1186 4260 K.
1208 4209 1265 4261 mol·

144 4267 260 4338 tatr-
1044 4340 1062 4375 ,
