2896 4792
341 285 411 332 nra.
428 285 517 331 xxn.
548 283 626 331 our.
642 281 717 329 xxr.
732 282 823 330 xxn.
853 281 951 329 snor.
966 283 1050 328 ausa
1193 264 1255 330 437

135 458 264 522 quoque
285 455 352 501 non*
369 434 517 501 dissimili
533 432 742 498 amaritudine
758 442 822 510 est3
846 443 963 520 purgat
979 432 1094 512 alvom,
1116 434 1150 498 in
1165 455 1260 518 quem

136 560 231 604 usum
254 538 368 602 teritur
389 558 429 602 ex
451 558 544 620 aqua.

180 639 232 704 32.
254 637 476 725 Asphodelum
498 637 538 703 de
560 635 745 702 clarissimis
766 634 948 716 herbarum,
973 645 1009 700 ut
1026 637 1114 721 quod
1128 636 1260 704 heroum
1275 653 1305 699 cr

136 740 236 825 aliqui
257 738 499 826 appellaverint,
523 737 689 803 Hesiodus
711 747 742 803 et
765 736 798 801 in
819 736 927 806 fluviis
948 738 1037 803 nasci
1060 736 1154 816 dixit,
1177 737 1259 804 Dio·

136 840 249 926 nysius
285 862 405 905 marem
445 862 484 904 ao
516 838 667 903 feminam
701 860 790 915 esse3
835 839 968 904 defectis
1004 839 1193 925 corporibus
1229 849 1261 906 et

135 939 307 1028 phthisicis
329 950 455 1005 constat
476 938 592 1005 bulbos
615 939 684 1004 eius
706 962 779 1004 cum
802 940 907 1005 tisana
929 941 1076 1006 decoctos
1096 940 1261 1026 aptissime

136 1043 205 1108 dari
237 1063 418 1129 panemque
450 1065 490 1107 ex
523 1040 563 1106 iis
596 1063 669 1105 cum
702 1041 804 1105 farina
838 1040 980 1107 subactis
1014 1042 1260 1107 saluberrimum

135 1166 217 1210 esse.
239 1143 405 1209 Nicander
427 1155 460 1208 et
482 1153 592 1208 contra
614 1143 772 1228 serpentis
793 1165 831 1208 ac
852 1142 1036 1229 scorpiones
1058 1144 1109 1209 vel
1135 1142 1260 1209 caulem
1339 1172 1342 1184 ·

136 1266 232 1329 quem
259 1244 459 1310 anthericum
486 1243 673 1309 vocavimus
703 1243 753 1309 vel
775 1265 883 1309 semen
905 1245 957 1309 vel
978 1243 1094 1311 bulbos
1115 1245 1205 1310 dedit
1226 1244 1261 1309 in

136 1346 210 1412 vino
233 1345 336 1411 tribus
350 1344 518 1411 'drachmis
537 1344 777 1428 substravitque
800 1367 910 1410 somno
933 1354 1045 1411 contra
1065 1345 1124 1410 hos
1145 1356 1260 1411 metus.

136 1444 243 1512 Datur
264 1457 298 1513 et
318 1458 429 1512 contra
449 1457 610 1513 venenata
630 1446 753 1511 marina
774 1456 806 1511 et
827 1457 938 1512 contra
953 1446 1179 1532 scolopendras
1201 1457 1261 1512 ter-
1275 1462 1305 1505 ss

136 1548 255 1613 restris.
290 1544 428 1614 Co'cleae
448 1548 528 1613 mire
549 1547 583 1612 in
607 1545 788 1633 Campania
809 1548 931 1614 caulem
955 1571 1029 1614 eum
1049 1559 1262 1635 persecuntur

136 1659 178 1714 et·
191 1649 336 1738 sugendo
355 1649 547 1716 arefaciunt.
574 1648 667 1715 Folia
686 1644 824 1734 quoque'
836 1649 1014 1715 inlinuntur
1034 1660 1261 1715 venenatorum

136 1750 320 1817 volneribus
348 1773 389 1815 ex
416 1751 507 1828 vino,
540 1750 630 1815 bulbi
665 1751 773 1816 nervis
802 1751 1006 1836 articulisque
1034 1775 1107 1817 cum
1133 1752 1260 1837 polenta

136 1852 221 1918 tunsi
250 1852 436 1918 inlinuntur.
473 1851 614 1918 Prodest
641 1858 686 1917 et'
700 1853 837 1918 concisis
864 1876 904 1918 ex
926 1863 1017 1918 aceto
1037 1852 1181 1919 lichenas
1201 1851 1259 1916 fri-

135 1973 219 2032 care,
240 1953 319 2020 item
339 1952 504 2020 'trloeribus
524 1952 783 2041 putrescentibus
804 1978 844 2020 ex
866 1977 949 2040 aqua
970 1954 1135 2042 inponere,
1156 1976 1259 2020 mam·

134 2075 258 2118 marum
280 2076 408 2139 quoque
430 2062 463 2121 et
484 2056 613 2121 testium
626 2055 937 2122 inflammationibus.
959 2055 1093 2121 Decooti
1115 2055 1149 2120 in
1171 2055 1305 2122 fascea

134 2152 200 2219 vini
228 2157 391 2222 oculorum
420 2157 584 2243 epiphoris
611 2157 778 2245 supposito
804 2158 934 2224 linteolo
960 2157 1138 2224 medentur.
1174 2157 1259 2224 Fere

133 2254 176 2317 in¹
191 2264 392 2341 quocumque
413 2257 523 2322 morbo
545 2259 649 2344 magis
671 2259 811 2325 decoctis
832 2269 978 2337 utuntur,
1000 2258 1078 2324 item
1100 2258 1142 2322 ad
1163 2257 1257 2323 tibia·

133 2377 206 2420 rum
233 2366 334 2422 taetra
358 2356 466 2421 ulcera
485 2358 652 2441 'rimasque
680 2380 850 2444 corporum
877 2380 1077 2443 quacumque
1105 2359 1138 2422 in
1162 2369 1259 2443 parte

134 2456 239 2522 farina
258 2456 482 2524 arefactorum.
502 2456 671 2523 Autumno
692 2469 801 2523 autem
822 2459 1027 2547 colliguntur,
1049 2481 1122 2525 cum
1144 2459 1257 2545 pluru-

134 2580 223 2623 mum
244 2559 363 2625 valent.
387 2556 494 2625 Sucus
514 2580 642 2644 quoque
664 2583 706 2625 ex
727 2559 830 2625 tunsis
851 2582 1024 2647 expressus
1039 2569 1094 2624 aut
1107 2560 1258 2626 decoctus

38 2745 40 2750 Α
133 2660 222 2725 utilis
250 2660 287 2724 fit
315 2661 459 2746 corporis
486 2661 587 2737 dolori
613 2683 687 2726 cum
707 2661 815 2740 melle,
844 2660 930 2726 idem
957 2661 1089 2726 odorem
1115 2662 1259 2749 corporis

133 2760 309 2827 iucundum
330 2761 566 2828 adfectantibus
588 2785 662 2828 cum
682 2762 722 2826 iri
744 2762 835 2828 arida
858 2773 891 2829 et
911 2763 988 2828 salis
1010 2763 1137 2851 exiguo.
1163 2762 1258 2829 Folia
1273 2775 1304 2823 70
1407 2782 1409 2788 ·

133 2873 166 2929 et
186 2884 286 2950 supra
307 2863 401 2930 dictis
416 2860 585 2930 medentur
604 2875 636 2930 et
651 2863 793 2944 strumis,
816 2864 921 2951 panis,
943 2863 1105 2931 ulceribus
1119 2865 1153 2930 in
1174 2864 1257 2932 facie

133 2964 266 3032 decocta
286 2966 321 3031 in
342 2965 425 3031 vino.
465 2964 557 3031 Ciuis
583 2966 728 3033 cradice
755 2966 915 3053 alopecias
937 2967 1085 3033 emendat
1106 2976 1139 3032 et
1159 2967 1257 3034 rimas

133 3171 711 3290 siumqi'rhcophrhistplsntvlh12‚3.
730 3216 761 3224 ..
781 3183 822 3236 ast,
835 3175 898 3227 VT.
916 3175 1011 3238 estred,
1024 3171 1126 3241 Rdssr.
1147 3217 1177 3225 -
1197 3191 1257 3239 par·

132 3247 201 3303 qam,
241 3274 247 3287 .

168 3309 183 3371 ξ
196 3309 236 3357 67.
263 3312 289 3355 ut
299 3304 369 3370 qaod,
381 3307 474 3357 BVT.
492 3306 562 3369 quod,
575 3310 599 3357 d.
617 3323 696 3370 quum,
708 3304 759 3373 βγ.
776 3311 818 3360 De
829 3311 885 3374 ipsa
914 3310 985 3360 lanta
996 3326 1019 3359 v.
1031 3311 1150 3359 Dioscor.
1163 3315 1188 3370 2,
1200 3314 1256 3360 las.

134 3415 167 3424 ..
186 3371 288 3434 haeum,
301 3375 332 3424 Τ.
359 3373 568 3439 Ῑιενοπεοη,Β(1γ.
596 3373 716 3436 barsuma,
727 3377 762 3427 V.
788 3325 918 3438 hemimd.
943 3419 973 3427 -
997 3374 1255 3440 speraveram.

134 3439 326 3504 appellaverant,
343 3437 444 3506 Τᾱβγ.
469 3483 500 3492 ..
518 3441 613 3505 flamm,
629 3443 712 3494 BTd.
738 3442 812 3505 silum
830 3440 911 3508 Vssr.
934 3485 965 3493 -
992 3443 1144 3509 Dionysium,
1161 3444 1196 3494 V.
1223 3484 1256 3503 ,-

131 3507 264 3572 plastes,
277 3510 333 3560 Vd·
358 3509 482 3574 passas
505 3551 537 3560 ..
560 3508 668 3572 decoctrh,
681 3512 714 3561 R.
737 3553 769 3560 -
791 3511 872 3573 it'a,B.
894 3510 938 3573 ts,
951 3506 1054 3576 vostr.
1078 3552 1110 3560 -
1132 3508 1258 3562 Nicander

134 3577 239 3653 theriac.
252 3583 309 3628 5³4.
328 3619 359 3626 ..
378 3585 412 3639 et,
425 3579 480 3628 Rc.
498 3594 524 3640 c,
535 3578 570 3628 V.
588 3619 619 3628 ..
639 3577 791 3640 cartherucam,
803 3579 888 3631 RVd.
906 3578 1054 3642 cadmiae,
1066 3574 1088 3641 β
1092 3594 1118 3644 7.
1138 3620 1170 3628 ..
1188 3594 1258 3629 voca·

134 3659 210 3692 vamur
221 3651 262 3705 21,
277 3650 332 3695 109.
420 3703 422 3707 ,

168 3710 236 3771 §cs
266 3709 349 3762 Occlac
360 3712 444 3775 muca,
456 3714 491 3763 V.
509 3754 541 3763 ..
563 3709 729 3775 Campaniam,
741 3714 774 3763 V.
788 3755 819 3764 ..
838 3712 937 3776 auam,
949 3718 973 3766 d.
991 3713 1074 3775 calena,
1086 3717 1118 3766 Β.
1136 3713 1211 3775 caule,
1221 3715 1255 3766 V.

136 3817 167 3826 -
189 3782 463 3842 emanaturumfflvd.
482 3821 514 3831 ..
538 3778 768 3844 cretaceum
787 3822 819 3831 ..
843 3782 978 3844 tansi,Rd.
1002 3782 1067 3843 tussi,
1080 3783 1114 3833 V.
1140 3777 1256 3847 tasissr.

135 3885 166 3894 ..
177 3844 281 3908 fricari,
293 3849 318 3896 d.
336 3888 367 3897 -
382 3864 478 3912 portare,
489 3850 522 3899 B.
542 3889 574 3898 -
592 3847 783 3912 inflammationi,
800 3841 849 3899 θά.

168 3914 237 3976 569.
262 3913 381 3975 Dccmtie,
393 3919 417 3966 d.
436 3956 467 3965 -
485 3916 556 3977 Fere,
568 3914 772 3979 RVTd(codd.
785 3915 856 3980 Gel.)
874 3917 959 3980 Foliis,
970 3935 990 3967 r.
1008 3959 1038 3967 ..
1058 3915 1255 3982 mapisdccoctc's,

134 3980 196 4030 BV.
219 3981 296 4045 mayn
306 3978 406 4032 ἀεοοεείε
417 3980 511 4044 medai,
523 3986 570 4048 dr.
593 3983 670 4048 mcpis
680 3983 767 4033 medici
777 3983 853 4047 noda,
867 3987 897 4037 T.
922 3984 1021 4034 decoctis
1032 3984 1110 4048 maqis
1121 3981 1213 4047 medici,
1225 3979 1254 4046 β.

136 4087 167 4096 ..
186 4047 356 4111 mascularum,
368 4051 400 4100 R.
418 4092 450 4100 ..
469 4049 567 4112 valenti,
578 4050 613 4100 V.
631 4091 663 4102 ...
685 4068 715 4101 cu
728 4051 794 4114 tuns,
806 4053 839 4103 T.
858 4052 968 4114 arasa,
981 4054 1043 4105 RV.
1062 4060 1085 4100 et
1096 4052 1163 4112 tusis,
1176 4055 1200 4104 d.
1220 4060 1255 4102 tu·

133 4113 175 4175 sis,
188 4108 238 4181 βγ.
258 4114 281 4164 a
298 4115 352 4178 raia,
363 4134 383 4167 r.
396 4159 427 4168 ..
446 4115 561 4178 decoctum,
574 4119 627 4169 Ἦ.
650 4117 758 4181 decoctis,
772 4115 917 4186 vassr,
937 4161 968 4170 ..
985 4119 1087 4182 odoram,
1100 4122 1125 4170 d.
1143 4117 1254 4182 mbram,

133 4182 196 4233 RV.
214 4222 246 4232 -
286 4184 443 4248 sectantibus,
454 4186 488 4236 V.

168 4252 236 4315 sto.
254 4259 284 4313 et,
299 4251 384 4305 RVd.
401 4250 566 4320 ctiamssr..
