2896 4792
335 230 339 239 ¹
425 269 495 318 nra.
511 268 615 318 arur.
644 270 722 318 car.
738 268 800 316 vn.
828 266 927 316 sacr.
944 269 974 312 ιι.
1200 252 1262 317 151

140 417 295 509 Omnium
310 432 452 487 satorum
465 422 591 487 fructus
606 430 663 486 aut
676 419 774 506 spicis
788 418 980 495 continetur,
1000 428 1037 482 ut
1051 415 1164 497 tritici,
1186 417 1261 482 hor-

140 522 206 613 dei,
227 523 434 606 muniturque
454 521 537 592 vallo
552 522 722 586 aristarum
737 530 848 586 contra
862 518 932 585 avis
947 529 979 585 et
993 539 1109 606 parvas
1131 518 1263 604 quadri·
1332 534 1349 555 ·'

140 624 258 709 pedes,
280 634 338 689 aut
349 623 526 690 includitur
540 621 674 706 siliquis,
697 631 733 685 ut
746 620 959 707 leguminum,
982 631 1037 685 aut
1057 619 1207 698 vasculis,
1227 628 1264 685 ut

140 724 276 790 sosimae
290 747 328 790 ao
342 724 523 810 papaveris.
546 722 675 789 Milium
696 732 729 786 et
747 721 898 808 panicum
913 731 1037 786 tantum
1050 743 1110 807 pro
1124 720 1263 787 indiviso
1276 735 1308 782 5³

138 835 172 891 et
194 825 303 910 parvis
324 826 438 891 avibus
460 824 641 911 expositum
663 834 728 899 est;
750 822 920 888 indefensa
934 822 1055 909 quippe
1069 821 1264 889 membranis

47 940 51 945 ’
138 927 354 992 continentur.
375 925 534 990 Panicum
554 948 574 989 a
594 924 753 1011 paniculis
775 923 910 1002 dictum,
933 923 1097 989 cacumine
1109 921 1264 1009 languide

139 1036 290 1104 nutante,
312 1027 468 1113 paulatim
487 1036 661 1117 extenuato
682 1025 786 1091 culmo
799 1046 902 1110 paene
916 1024 950 1088 in
966 1023 1146 1103 surculum,
1167 1046 1262 1109 prae-

138 1127 250 1193 densis
271 1138 440 1194 acervatur
461 1126 573 1215 granis
595 1147 668 1190 cum
688 1124 877 1212 longissima
898 1124 1006 1210 pedali
1027 1124 1136 1211 phoba
1142 1148 1151 1201 3
1174 1124 1264 1191 milio

138 1250 248 1295 comae
274 1250 412 1315 gruum
438 1228 614 1313 conplexae
640 1224 800 1292 fimbriato
827 1226 942 1311 capillo
965 1238 1148 1291 curvantur.
1178 1222 1264 1291 Sunt
1276 1239 1308 1283 ⁵⁴

138 1338 172 1393 ct
193 1327 307 1416 panico
328 1348 464 1414 genera:
493 1349 683 1405 mammosa,
712 1349 730 1391 e
751 1346 836 1412 pano
856 1325 965 1411 parvis
986 1336 1149 1391 racemata
1168 1326 1263 1411 pani-

139 1427 234 1507 culis,
256 1439 291 1495 et
312 1429 478 1494 cacumine
499 1427 645 1517 gemin03
669 1428 747 1510 quin
767 1437 801 1492 et
822 1427 926 1492 colore
947 1427 1168 1513 distinguntur
1186 1450 1263 1493 can-

138 1528 231 1606 dido,
258 1530 367 1616 nigro,
397 1531 485 1606 rufo,
508 1529 605 1594 etiam
625 1531 800 1615 purpureo.
835 1527 938 1592 Panis
959 1526 1263 1594 multifariam-eta

138 1630 226 1695 milio
246 1630 298 1709 fit,
329 1652 347 1695 e
373 1629 489 1716 panico
510 1652 604 1697 rarus
611 1653 620 1706 ;
650 1628 707 1695 sed
734 1629 858 1694 nullum
886 1628 1098 1714 ponderosius
1119 1628 1262 1695 frumen·
1369 1626 1371 1633 ’

139 1739 208 1792 tum
229 1742 279 1794 est
300 1739 357 1797 aut
377 1728 463 1814 quod
485 1730 652 1815 coquendo
673 1729 777 1818 magis
805 1729 935 1805 crescit;
965 1751 1008 1794 nx
1030 1728 1138 1816 pondo
1165 1727 1263 1814 panis

137 1853 158 1894 e
179 1831 286 1895 modio
308 1831 466 1897 reducunt
486 1830 692 1915 modiumque
712 1831 812 1917 pultis
835 1853 876 1896 ex
898 1828 1001 1896 tribus
1024 1829 1171 1896 sextariis
1192 1851 1262 1894 ma

137 1931 234 1996 didis.
269 1929 398 1997 Milium
425 1933 509 1996 intra
534 1931 592 1997 hos
619 1932 732 1997 decem
758 1953 862 1997 annos
889 1954 931 1997 ex
957 1931 1052 1995 India
1079 1929 1114 1995 in
1134 1929 1307 1995 Italiam⁶⁶

136 2032 300 2099 invectum
335 2043 384 2098 est
414 2032 509 2120 nigro
543 2032 666 2110 colore,
699 2033 840 2117 amplum
871 2054 987 2120 grano,
1025 2031 1262 2097 harundineum

137 2132 259 2208 culmo;
287 2132 444 2200 adulescit
464 2133 507 2197 ad
526 2133 626 2218 pedes
647 2133 815 2199 altitudine
837 2142 977 2217 septem,
1005 2131 1261 2220 praegrandibus

138 2233 261 2310 culmis,
278 2284 318 2298 ..
340 2233 464 2319 phobas
484 2244 611 2310 vocant,
632 2286 673 2298 ..
695 2234 837 2299 omnium
858 2233 990 2320 frugum
1010 2233 1259 2312 fertilissimum

89 2347 94 2352 '
136 2355 179 2397 ex
193 2357 256 2398 uno
279 2357 379 2421 grano
402 2335 483 2399 terni
505 2334 636 2403 sextarii
657 2335 851 2422 gignuntur3
875 2334 939 2399 seri
960 2333 1056 2400 debet
1076 2335 1110 2398 in
1132 2333 1259 2399 umidis

136 2433 316 2498 Frumenta
343 2434 500 2517 quaedam
525 2432 679 2498 intortio
706 2456 794 2521 genu
821 2434 943 2519 spicam
970 2434 1131 2522 incipiunt
1151 2434 1259 2500 conci·
1273 2447 1305 2494 56

137 2554 230 2617 pere,
253 2533 410 2616 quaedam
430 2533 464 2596 in
485 2543 616 2617 quarto,
640 2533 697 2599 sed
717 2534 890 2598 etiamnum
907 2534 1082 2612 occultam3
1110 2535 1261 2620 genicula

135 2645 246 2698 autem
268 2645 341 2698 sunt
363 2634 469 2699 tritico
491 2643 663 2717 quaterna,
685 2633 763 2698 farri
784 2656 877 2712 sena,
899 2634 1020 2700 hordeo
1035 2644 1161 2699 octona.
1192 2631 1261 2700 Sed

137 2756 201 2798 non
222 2745 297 2798 ante
317 2756 418 2819 supra
439 2734 561 2798 dictum
579 2733 804 2822 geniculorum
824 2757 992 2804 numerum
1015 2744 1190 2821 conceptus
1211 2744 1260 2799 est

169 2940 237 3000 §aa
260 2946 284 2985 et
296 2937 416 3001 panicum,
429 2933 501 2989 dad.
528 2957 558 2989 aa
569 2937 690 3004 mairam,
705 2934 736 3001 β.
755 2979 786 2991 ,.
806 2938 926 3004 prodacta
942 2938 1020 2989 divisa
1035 2946 1058 2988 at
1069 2920 1206 3004 paruqu.
1224 2978 1257 2991 .-

134 3004 264 3067 axpositum
277 3013 318 3066 eat,
335 2998 433 3057 duaa
460 3005 568 3069 exposita
578 3013 639 3067 aaut
655 3002 684 3068 β.
703 3047 735 3056 ..
761 3008 898 3070 matinetor,
913 3009 958 3058 ad.
977 3048 1009 3058 ..
1035 3014 1205 3068 sumamma
1227 3046 1256 3056 -

133 3079 278 3132 monetam,
294 3072 331 3123 a¹.
357 3080 475 3135 aceruum,
491 3074 597 3125 Barbar.
616 3114 648 3124 ..
672 3071 934 3138 baptisma-Barbas
952 3116 984 3125 ..
1005 3072 1095 3139 plebs,
1108 3074 1260 3125 Tarneb.et

134 3134 255 3194 Schneid.
271 3141 306 3188 ad
320 3141 451 3204 Theophr.
469 3138 529 3191 hist.
545 3143 625 3205 plant.
640 3140 717 3192 VIII.
729 3148 754 3202 4,
766 3149 790 3192 4.
817 3142 881 3206 absa,
897 3142 1010 3194 D'I'adr
1026 3139 1113 3204 (codd.
1130 3139 1257 3205 Turneb.)

136 3203 198 3267 loba,
214 3207 318 3256 Barbar.
345 3207 403 3269 ⁰ff⁰2
420 3207 528 3258 Salmas.
545 3223 628 3258 exerc.
643 3224 669 3272 p.
681 3213 722 3258 90.
734 3225 757 3259 a.
768 3208 803 3259 A.
827 3210 895 3272 obba,
910 3205 939 3271 β.
957 3250 989 3259 ..
1013 3207 1084 3272 malm,
1096 3211 1147 3261 D².
1170 3208 1258 3270 milia«,

134 3272 217 3349 D¹ad
235 3269 283 3334 (ita
297 3280 327 3324 nt
341 3274 368 3323 in
378 3275 454 3343 podd.
468 3276 533 3325 dnae
543 3289 619 3326 voces
635 3275 664 3323 ob
672 3274 789 3338 familiae
799 3277 900 3328 iunctae
910 3274 1049 3340 legantur).
1074 3275 1142 3339 milii,
1153 3272 1205 3342 βγ.
1223 3317 1255 3327 ..

133 3338 240 3466 millii:
252 3357 400 3467 airritantem,
415 3400 532 3458 OTa2d.
559 3422 697 3469 mommoso,
713 3405 774 3470 a1fi.
801 3424 963 3471 mammosam,
979 3411 1012 3460 K.
1032 3451 1063 3460 -
1089 3424 1103 3456 e
1115 3424 1189 3471 pano,
1204 3402 1255 3460 oa

134 3472 456 3590 i>⁰l⁹⁰i⁰tdla⁰i‘i“i⁰’
468 3475 500 3524 a,
520 3469 1255 3607 &dimidii-filia'missia‘diiiilffi’

134 3577 208 3671 ddi.
231 3608 265 3656 V.
277 3556 521 3669 eland'rursralta
534 3578 643 3658 co4.'-
659 3583 750 3669 rarus,
765 3582 865 3661 duni.
888 3581 979 3669 rarius,
996 3607 1026 3673 β.
1044 3580 1093 3660 ’-
1100 3579 1256 3674 ponderosa}

127 3673 283 3735 frumentum,
294 3676 351 3724 Dd.
370 3674 527 3738 ponderosius
533 3673 664 3737 stramento,
677 3693 700 3726 a.
714 3677 863 3740 framentum
871 3677 1035 3741 ponderosius,
1047 3677 1120 3728 codd.
1134 3676 1190 3727 Gal.
1202 3670 1253 3739 βγ.

137 3780 168 3788 -
186 3740 276 3802 crescit,
290 3758 311 3790 a.
330 3749 427 3802 metent,
440 3745 455 3791 d
461 3737 512 3806 βγ.
528 3784 559 3791 -
578 3742 640 3803 LX,
652 3745 714 3794 adr.
731 3743 790 3793 LX
798 3745 866 3805 anim,
877 3741 905 3807 β.
918 3787 950 3796 ..
968 3743 1088 3806 reducunt,
1099 3760 1122 3794 a.
1140 3741 1254 3804 rodmunt,

135 3809 159 3856 d.
177 3805 263 3868 reddit,
273 3810 342 3858 Pint.
354 3810 387 3858 Κ.
404 3810 471 3858 Mihi
483 3824 516 3858 ax
527 3812 638 3874 vestigiis
649 3813 706 3861 cod.
719 3814 736 3862 d
747 3809 824 3860 redire
835 3811 916 3861 dicam
926 3814 1086 3863 scribendum
1097 3813 1202 3859 ridetur.

168 3876 183 3937 §
196 3880 236 3924 55.
258 3874 334 3938 aipro,
346 3891 369 3924 a.
392 3875 492 3940 asprum,
505 3873 577 3941 ᾶβγ.
595 3918 627 3928 ..
646 3877 720 3942 pedae
731 3877 856 3929 altimdias
867 3887 961 3943 septam
974 3883 998 3930 d.
1017 3877 1086 3942 peda
1097 3873 1218 3936 altitudin,
1230 3890 1254 3926 a.

135 3980 166 3990 ..
190 3940 280 4002 udmia,
296 3944 320 3991 d.
347 3943 428 4002 cuma,
444 3960 468 3993 a.
494 3944 572 4005 comta,
588 3944 620 3994 Τ.
643 3983 675 3995 ..
698 3944 798 4009 phocas,
816 3947 929 4010 Scaliger
945 3950 977 3997 ad
993 3947 1066 3996 Varr.
1080 3947 1111 3994 da
1121 3945 1184 4006 ling.
1195 3941 1252 3993 Lat

134 4022 160 4070 p.
178 4010 217 4058 73.
235 4012 274 4058 ed.
291 4009 350 4072 Bip.
369 4017 395 4059 et
412 4010 552 4062 Mimans
569 4013 602 4062 ad
619 4018 643 4074 9,
661 4019 702 4063 80.
732 4011 810 4076 lobna,
828 4010 921 4078 ιάβγ.
947 4013 1027 4073 iubas,
1044 4012 1152 4063 Salmas.
1170 4025 1254 4062 exarc.

134 4087 159 4137 p·
168 4076 386 4201 §sappam
397 4140 523 4205 quaedam,
535 4146 667 4210 Theophr.
679 4147 737 4197 hist
750 4149 829 4211 plant.
841 4147 917 4198 vm
929 4152 953 4207 2,
965 4151 989 4194 4.
1004 4183 1035 4193 -
1052 4160 1122 4208 qaia,
1137 4137 1259 4205 O'I'adn

130 4207 248 4271 peniculo,
260 4204 289 4271 β,
308 4250 338 4260 -
358 4208 485 4272 armanum,
497 4227 520 4260 a.
539 4251 571 4262 ..
586 4213 678 4275 furris,
690 4217 734 4264 ad.
754 4253 785 4263 ..
804 4221 899 4274 octona,·
917 4220 940 4261 et
951 4227 997 4260 aon
1009 4219 1071 4274 ants,
1083 4213 1116 4264 Κ.
