<?xml version="1.0" encoding="UTF-8"?>
<!DOCTYPE html PUBLIC "-//W3C//DTD XHTML 1.0 Transitional//EN"
    "http://www.w3.org/TR/xhtml1/DTD/xhtml1-transitional.dtd">
<html xmlns="http://www.w3.org/1999/xhtml" xml:lang="en" lang="en">
 <head>
  <title>
</title>
<meta http-equiv="Content-Type" content="text/html;charset=utf-8" />
  <meta name='ocr-system' content='tesseract 3.04.00' />
  <meta name='ocr-capabilities' content='ocr_page ocr_carea ocr_par ocr_line ocrx_word'/>
</head>
<body>
  <div class='ocr_page' id='page_1' title='image "./cplinisecundina11plingoog_0134.png"; bbox 0 0 2896 4792; ppageno 0'>
   <div class='ocr_carea' id='block_1_1' title="bbox 414 302 1259 368">
    <p class='ocr_par' dir='ltr' id='par_1_1' title="bbox 414 302 1259 368">
     <span class='ocr_line' id='line_1_1' title="bbox 414 302 1259 368; baseline 0.004 -4"><span class='ocrx_word' id='word_1_1' title='bbox 414 318 587 367; x_wconf 75' lang='lat' dir='ltr'>manvu.</span> <span class='ocrx_word' id='word_1_2' title='bbox 617 318 695 365; x_wconf 79' lang='lat' dir='ltr'>car.</span> <span class='ocrx_word' id='word_1_3' title='bbox 712 320 812 366; x_wconf 85' lang='lat' dir='ltr'>xxrv.</span> <span class='ocrx_word' id='word_1_4' title='bbox 843 316 941 366; x_wconf 80' lang='lat' dir='ltr'>sacr.</span> <span class='ocrx_word' id='word_1_5' title='bbox 957 322 988 364; x_wconf 79' lang='lat' dir='ltr'>a.</span> <span class='ocrx_word' id='word_1_6' title='bbox 1199 302 1259 368; x_wconf 78' lang='lat'>127</span> 
     </span>
    </p>
   </div>
   <div class='ocr_carea' id='block_1_2' title="bbox 54 469 1382 3162">
    <p class='ocr_par' dir='ltr' id='par_1_2' title="bbox 54 469 1382 3162">
     <span class='ocr_line' id='line_1_2' title="bbox 139 469 1319 556; baseline 0 -21"><span class='ocrx_word' id='word_1_7' title='bbox 139 491 266 556; x_wconf 87' lang='lat' dir='ltr'>quoque</span> <span class='ocrx_word' id='word_1_8' title='bbox 289 492 372 553; x_wconf 91' lang='lat' dir='ltr'>quae</span> <span class='ocrx_word' id='word_1_9' title='bbox 392 481 646 534; x_wconf 76' lang='lat' dir='ltr'>maturescentes</span> <span class='ocrx_word' id='word_1_10' title='bbox 669 480 736 533; x_wconf 90' lang='lat' dir='ltr'>tum</span> <span class='ocrx_word' id='word_1_11' title='bbox 758 481 833 534; x_wconf 89' lang='lat' dir='ltr'>sunt</span> <span class='ocrx_word' id='word_1_12' title='bbox 854 469 1026 555; x_wconf 77' lang='lat' dir='ltr'>praecipue</span> <span class='ocrx_word' id='word_1_13' title='bbox 1047 471 1198 535; x_wconf 86' lang='lat' dir='ltr'>caducae.</span> <span class='ocrx_word' id='word_1_14' title='bbox 1220 470 1259 535; x_wconf 90' lang='lat' dir='ltr'>Id</span> <span class='ocrx_word' id='word_1_15' title='bbox 1273 493 1319 537; x_wconf 78' lang='lat' dir='ltr'>aar</span> 
     </span>
     <span class='ocr_line' id='line_1_3' title="bbox 138 570 1259 661; baseline -0.004 -25"><span class='ocrx_word' id='word_1_16' title='bbox 138 573 242 661; x_wconf 85' lang='lat' dir='ltr'>riguis</span> <span class='ocrx_word' id='word_1_17' title='bbox 263 570 368 656; x_wconf 85' lang='lat' dir='ltr'>magis</span> <span class='ocrx_word' id='word_1_18' title='bbox 390 571 506 647; x_wconf 90' lang='lat' dir='ltr'>evenit,</span> <span class='ocrx_word' id='word_1_19' title='bbox 530 570 654 634; x_wconf 90' lang='lat' dir='ltr'>etiamsi</span> <span class='ocrx_word' id='word_1_20' title='bbox 676 592 740 633; x_wconf 89' lang='lat' dir='ltr'>non</span> <span class='ocrx_word' id='word_1_21' title='bbox 762 571 916 645; x_wconf 88' lang='lat' dir='ltr'>cecidere,</span> <span class='ocrx_word' id='word_1_22' title='bbox 938 570 1149 635; x_wconf 87' lang='lat' dir='ltr'>fastidiendis.</span> <span class='ocrx_word' id='word_1_23' title='bbox 1176 570 1259 636; x_wconf 87' lang='lat' dir='ltr'>Sunt</span> 
     </span>
     <span class='ocr_line' id='line_1_4' title="bbox 54 665 1260 757; baseline -0.001 -20"><span class='ocrx_word' id='word_1_24' title='bbox 54 744 58 749; x_wconf 53' lang='grc'><strong>,</strong></span> <span class='ocrx_word' id='word_1_25' title='bbox 138 681 171 738; x_wconf 85' lang='lat' dir='ltr'>et</span> <span class='ocrx_word' id='word_1_26' title='bbox 192 671 332 736; x_wconf 90' lang='lat' dir='ltr'>culicum</span> <span class='ocrx_word' id='word_1_27' title='bbox 354 692 472 756; x_wconf 89' lang='lat' dir='ltr'>genera</span> <span class='ocrx_word' id='word_1_28' title='bbox 499 668 616 751; x_wconf 93' lang='lat' dir='ltr'>aliquis</span> <span class='ocrx_word' id='word_1_29' title='bbox 640 665 793 748; x_wconf 87' lang='lat' dir='ltr'>molesta,</span> <span class='ocrx_word' id='word_1_30' title='bbox 823 681 858 734; x_wconf 91' lang='lat' dir='ltr'>ut</span> <span class='ocrx_word' id='word_1_31' title='bbox 886 671 1073 757; x_wconf 85' lang='lat' dir='ltr'>glandibus,</span> <span class='ocrx_word' id='word_1_32' title='bbox 1100 671 1176 749; x_wconf 89' lang='lat' dir='ltr'>fico,</span> <span class='ocrx_word' id='word_1_33' title='bbox 1205 671 1260 754; x_wconf 90' lang='lat' dir='ltr'>qui</span> 
     </span>
     <span class='ocr_line' id='line_1_5' title="bbox 138 769 1262 847; baseline 0 -11"><span class='ocrx_word' id='word_1_34' title='bbox 138 772 289 837; x_wconf 85' lang='lat' dir='ltr'>videntur</span> <span class='ocrx_word' id='word_1_35' title='bbox 316 793 357 834; x_wconf 88' lang='lat' dir='ltr'>ex</span> <span class='ocrx_word' id='word_1_36' title='bbox 384 791 494 833; x_wconf 90' lang='lat' dir='ltr'>umore</span> <span class='ocrx_word' id='word_1_37' title='bbox 516 769 616 846; x_wconf 87' lang='lat' dir='ltr'>nasei,</span> <span class='ocrx_word' id='word_1_38' title='bbox 644 779 712 832; x_wconf 87' lang='lat' dir='ltr'>tum</span> <span class='ocrx_word' id='word_1_39' title='bbox 739 769 826 834; x_wconf 89' lang='lat' dir='ltr'>dulci</span> <span class='ocrx_word' id='word_1_40' title='bbox 854 770 983 834; x_wconf 87' lang='lat' dir='ltr'>subdito</span> <span class='ocrx_word' id='word_1_41' title='bbox 1012 771 1199 847; x_wconf 85' lang='lat' dir='ltr'>corticibus3</span> <span class='ocrx_word' id='word_1_42' title='bbox 1228 782 1262 836; x_wconf 85' lang='lat' dir='ltr'>et</span> 
     </span>
     <span class='ocr_line' id='line_1_6' title="bbox 138 870 1323 960; baseline 0.002 -24"><span class='ocrx_word' id='word_1_43' title='bbox 138 873 315 960; x_wconf 74' lang='lat' dir='ltr'>aegrotatio</span> <span class='ocrx_word' id='word_1_44' title='bbox 336 871 467 954; x_wconf 89' lang='lat' dir='ltr'>quidem</span> <span class='ocrx_word' id='word_1_45' title='bbox 488 870 558 935; x_wconf 86' lang='lat' dir='ltr'>fere</span> <span class='ocrx_word' id='word_1_46' title='bbox 579 870 613 933; x_wconf 93' lang='lat' dir='ltr'>in</span> <span class='ocrx_word' id='word_1_47' title='bbox 635 870 686 934; x_wconf 92' lang='lat' dir='ltr'>his</span> <span class='ocrx_word' id='word_1_48' title='bbox 708 881 766 934; x_wconf 89' lang='lat' dir='ltr'>est.</span> <span class='ocrx_word' id='word_1_49' title='bbox 790 870 959 950; x_wconf 82' lang='lat' dir='ltr'>Quaedam</span> <span class='ocrx_word' id='word_1_50' title='bbox 981 884 1164 956; x_wconf 89' lang='lat' dir='ltr'>temporum·</span> <span class='ocrx_word' id='word_1_51' title='bbox 1181 894 1259 938; x_wconf 87' lang='lat' dir='ltr'>oau-</span> <span class='ocrx_word' id='word_1_52' title='bbox 1273 891 1323 938; x_wconf 69' lang='lat' dir='ltr'>aaa</span> 
     </span>
     <span class='ocr_line' id='line_1_7' title="bbox 139 970 1260 1058; baseline -0.001 -20"><span class='ocrx_word' id='word_1_53' title='bbox 139 996 194 1039; x_wconf 85' lang='lat' dir='ltr'>sae</span> <span class='ocrx_word' id='word_1_54' title='bbox 216 982 272 1036; x_wconf 88' lang='lat' dir='ltr'>aut</span> <span class='ocrx_word' id='word_1_55' title='bbox 292 972 434 1037; x_wconf 90' lang='lat' dir='ltr'>locorum</span> <span class='ocrx_word' id='word_1_56' title='bbox 455 991 521 1035; x_wconf 92' lang='lat' dir='ltr'>non</span> <span class='ocrx_word' id='word_1_57' title='bbox 542 970 670 1056; x_wconf 86' lang='lat' dir='ltr'>proprie</span> <span class='ocrx_word' id='word_1_58' title='bbox 692 970 839 1034; x_wconf 88' lang='lat' dir='ltr'>dicantur</span> <span class='ocrx_word' id='word_1_59' title='bbox 866 971 981 1048; x_wconf 87' lang='lat' dir='ltr'>morbi,</span> <span class='ocrx_word' id='word_1_60' title='bbox 1011 974 1163 1054; x_wconf 87' lang='lat' dir='ltr'>quoniam</span> <span class='ocrx_word' id='word_1_61' title='bbox 1184 995 1260 1058; x_wconf 90' lang='lat' dir='ltr'>pro-</span> 
     </span>
     <span class='ocr_line' id='line_1_8' title="bbox 139 1070 1261 1147; baseline 0.003 -12"><span class='ocrx_word' id='word_1_62' title='bbox 139 1072 226 1136; x_wconf 88' lang='lat' dir='ltr'>tinus</span> <span class='ocrx_word' id='word_1_63' title='bbox 247 1082 374 1147; x_wconf 85' lang='lat' dir='ltr'>necant,</span> <span class='ocrx_word' id='word_1_64' title='bbox 398 1071 481 1136; x_wconf 88' lang='lat' dir='ltr'>sicut</span> <span class='ocrx_word' id='word_1_65' title='bbox 503 1070 592 1135; x_wconf 86' lang='lat' dir='ltr'>tabes</span> <span class='ocrx_word' id='word_1_66' title='bbox 614 1092 687 1134; x_wconf 89' lang='lat' dir='ltr'>oum</span> <span class='ocrx_word' id='word_1_67' title='bbox 708 1070 828 1134; x_wconf 86' lang='lat' dir='ltr'>invasit</span> <span class='ocrx_word' id='word_1_68' title='bbox 849 1070 997 1135; x_wconf 85' lang='lat' dir='ltr'>arborem</span> <span class='ocrx_word' id='word_1_69' title='bbox 1018 1084 1073 1137; x_wconf 91' lang='lat' dir='ltr'>aut</span> <span class='ocrx_word' id='word_1_70' title='bbox 1087 1073 1188 1137; x_wconf 89' lang='lat' dir='ltr'>uredo</span> <span class='ocrx_word' id='word_1_71' title='bbox 1209 1074 1261 1138; x_wconf 86' lang='lat' dir='ltr'>vel</span> 
     </span>
     <span class='ocr_line' id='line_1_9' title="bbox 139 1171 1261 1258; baseline 0.003 -23"><span class='ocrx_word' id='word_1_72' title='bbox 139 1171 233 1237; x_wconf 88' lang='lat' dir='ltr'>flatus</span> <span class='ocrx_word' id='word_1_73' title='bbox 260 1171 396 1236; x_wconf 87' lang='lat' dir='ltr'>alicuius</span> <span class='ocrx_word' id='word_1_74' title='bbox 423 1171 566 1258; x_wconf 87' lang='lat' dir='ltr'>regionis</span> <span class='ocrx_word' id='word_1_75' title='bbox 591 1171 752 1256; x_wconf 90' lang='lat' dir='ltr'>proprius,</span> <span class='ocrx_word' id='word_1_76' title='bbox 780 1183 816 1234; x_wconf 88' lang='lat' dir='ltr'>ut</span> <span class='ocrx_word' id='word_1_77' title='bbox 838 1182 886 1235; x_wconf 91' lang='lat' dir='ltr'>est</span> <span class='ocrx_word' id='word_1_78' title='bbox 906 1172 940 1235; x_wconf 91' lang='lat' dir='ltr'>in</span> <span class='ocrx_word' id='word_1_79' title='bbox 961 1172 1082 1257; x_wconf 83' lang='lat' dir='ltr'>Apulia</span> <span class='ocrx_word' id='word_1_80' title='bbox 1103 1172 1261 1250; x_wconf 83' lang='lat' dir='ltr'>atabulus,</span> 
     </span>
     <span class='ocr_line' id='line_1_10' title="bbox 139 1269 1261 1356; baseline 0.001 -21"><span class='ocrx_word' id='word_1_81' title='bbox 139 1272 174 1335; x_wconf 93' lang='lat' dir='ltr'>in</span> <span class='ocrx_word' id='word_1_82' title='bbox 195 1271 330 1336; x_wconf 85' lang='lat' dir='ltr'>Euboea</span> <span class='ocrx_word' id='word_1_83' title='bbox 352 1269 541 1356; x_wconf 85' lang='lat' dir='ltr'>Olympias3</span> <span class='ocrx_word' id='word_1_84' title='bbox 568 1270 621 1336; x_wconf 86' lang='lat' dir='ltr'>liic</span> <span class='ocrx_word' id='word_1_85' title='bbox 642 1270 726 1334; x_wconf 88' lang='lat' dir='ltr'>enirn</span> <span class='ocrx_word' id='word_1_86' title='bbox 749 1271 776 1336; x_wconf 88' lang='lat' dir='ltr'>si</span> <span class='ocrx_word' id='word_1_87' title='bbox 797 1270 886 1334; x_wconf 86' lang='lat' dir='ltr'>flavit</span> <span class='ocrx_word' id='word_1_88' title='bbox 908 1273 993 1336; x_wconf 89' lang='lat' dir='ltr'>circa</span> <span class='ocrx_word' id='word_1_89' title='bbox 1021 1273 1177 1351; x_wconf 88' lang='lat' dir='ltr'>brumam,</span> <span class='ocrx_word' id='word_1_90' title='bbox 1204 1273 1261 1336; x_wconf 85' lang='lat' dir='ltr'>fri·</span> 
     </span>
     <span class='ocr_line' id='line_1_11' title="bbox 140 1370 1261 1457; baseline 0.002 -21"><span class='ocrx_word' id='word_1_91' title='bbox 140 1394 219 1456; x_wconf 86' lang='lat' dir='ltr'>gore</span> <span class='ocrx_word' id='word_1_92' title='bbox 241 1371 347 1436; x_wconf 88' lang='lat' dir='ltr'>exurit</span> <span class='ocrx_word' id='word_1_93' title='bbox 367 1370 545 1436; x_wconf 78' lang='lat' dir='ltr'>arefaciens</span> <span class='ocrx_word' id='word_1_94' title='bbox 566 1381 603 1435; x_wconf 89' lang='lat' dir='ltr'>ut</span> <span class='ocrx_word' id='word_1_95' title='bbox 623 1371 719 1435; x_wconf 92' lang='lat' dir='ltr'>nullis</span> <span class='ocrx_word' id='word_1_96' title='bbox 741 1382 854 1455; x_wconf 88' lang='lat' dir='ltr'>postea</span> <span class='ocrx_word' id='word_1_97' title='bbox 881 1370 1000 1436; x_wconf 89' lang='lat' dir='ltr'>solibus</span> <span class='ocrx_word' id='word_1_98' title='bbox 1027 1373 1162 1436; x_wconf 90' lang='lat' dir='ltr'>recreari</span> <span class='ocrx_word' id='word_1_99' title='bbox 1184 1394 1261 1457; x_wconf 92' lang='lat' dir='ltr'>pos-</span> 
     </span>
     <span class='ocr_line' id='line_1_12' title="bbox 142 1470 1304 1558; baseline 0.003 -22"><span class='ocrx_word' id='word_1_100' title='bbox 142 1471 216 1536; x_wconf 90' lang='lat' dir='ltr'>sint.</span> <span class='ocrx_word' id='word_1_101' title='bbox 249 1470 322 1536; x_wconf 90' lang='lat' dir='ltr'>Hoe</span> <span class='ocrx_word' id='word_1_102' title='bbox 349 1493 468 1558; x_wconf 84' lang='lat' dir='ltr'>genere</span> <span class='ocrx_word' id='word_1_103' title='bbox 497 1472 658 1537; x_wconf 90' lang='lat' dir='ltr'>convalles</span> <span class='ocrx_word' id='word_1_104' title='bbox 686 1483 717 1535; x_wconf 92' lang='lat' dir='ltr'>et</span> <span class='ocrx_word' id='word_1_105' title='bbox 743 1471 890 1556; x_wconf 91' lang='lat' dir='ltr'>adposita</span> <span class='ocrx_word' id='word_1_106' title='bbox 909 1470 1095 1536; x_wconf 89' lang='lat' dir='ltr'>fluminibus</span> <span class='ocrx_word' id='word_1_107' title='bbox 1116 1473 1262 1538; x_wconf 88' lang='lat' dir='ltr'>laborant</span> <span class='ocrx_word' id='word_1_108' title='bbox 1299 1526 1304 1539; x_wconf 94' lang='grc'><strong>,</strong></span> 
     </span>
     <span class='ocr_line' id='line_1_13' title="bbox 141 1570 1382 1657; baseline 0.001 -20"><span class='ocrx_word' id='word_1_109' title='bbox 141 1571 377 1657; x_wconf 88' lang='lat' dir='ltr'>praecipueque</span> <span class='ocrx_word' id='word_1_110' title='bbox 403 1571 491 1649; x_wconf 90' lang='lat' dir='ltr'>vitis,</span> <span class='ocrx_word' id='word_1_111' title='bbox 521 1572 601 1649; x_wconf 90' lang='lat' dir='ltr'>olea,</span> <span class='ocrx_word' id='word_1_112' title='bbox 628 1572 717 1636; x_wconf 89' lang='lat' dir='ltr'>ficus.</span> <span class='ocrx_word' id='word_1_113' title='bbox 756 1570 853 1651; x_wconf 83' lang='lat' dir='ltr'>Quod</span> <span class='ocrx_word' id='word_1_114' title='bbox 882 1594 954 1635; x_wconf 91' lang='lat' dir='ltr'>cum</span> <span class='ocrx_word' id='word_1_115' title='bbox 976 1571 1072 1650; x_wconf 89' lang='lat' dir='ltr'>venit,</span> <span class='ocrx_word' id='word_1_116' title='bbox 1103 1572 1263 1657; x_wconf 88' lang='lat' dir='ltr'>detegitur</span> <span class='ocrx_word' id='word_1_117' title='bbox 1276 1594 1324 1641; x_wconf 85' lang='lat' dir='ltr'>aaa</span> <span class='ocrx_word' id='word_1_118' title='bbox 1380 1617 1382 1623; x_wconf 90' lang='lat'>-</span> 
     </span>
     <span class='ocr_line' id='line_1_14' title="bbox 144 1671 1263 1757; baseline 0.002 -23"><span class='ocrx_word' id='word_1_119' title='bbox 144 1672 251 1736; x_wconf 88' lang='lat' dir='ltr'>statim</span> <span class='ocrx_word' id='word_1_120' title='bbox 276 1673 311 1735; x_wconf 93' lang='lat' dir='ltr'>in</span> <span class='ocrx_word' id='word_1_121' title='bbox 339 1671 586 1757; x_wconf 82' lang='lat' dir='ltr'>germinatione,</span> <span class='ocrx_word' id='word_1_122' title='bbox 619 1672 653 1735; x_wconf 92' lang='lat' dir='ltr'>in</span> <span class='ocrx_word' id='word_1_123' title='bbox 683 1671 767 1739; x_wconf 84' lang='lat' dir='ltr'>oliva</span> <span class='ocrx_word' id='word_1_124' title='bbox 795 1671 932 1746; x_wconf 83' lang='lat' dir='ltr'>tardius3</span> <span class='ocrx_word' id='word_1_125' title='bbox 968 1671 1025 1736; x_wconf 90' lang='lat' dir='ltr'>sed</span> <span class='ocrx_word' id='word_1_126' title='bbox 1052 1673 1085 1735; x_wconf 95' lang='lat' dir='ltr'>in</span> <span class='ocrx_word' id='word_1_127' title='bbox 1114 1672 1263 1736; x_wconf 88' lang='lat' dir='ltr'>omnibus</span> 
     </span>
     <span class='ocr_line' id='line_1_15' title="bbox 95 1772 1263 1860; baseline 0 -23"><span class='ocrx_word' id='word_1_128' title='bbox 95 1793 104 1812; x_wconf 64' lang='lat'>⁸</span> <span class='ocrx_word' id='word_1_129' title='bbox 143 1773 272 1860; x_wconf 90' lang='lat' dir='ltr'>signum</span> <span class='ocrx_word' id='word_1_130' title='bbox 298 1783 347 1836; x_wconf 89' lang='lat' dir='ltr'>est</span> <span class='ocrx_word' id='word_1_131' title='bbox 374 1773 612 1850; x_wconf 87' lang='lat' dir='ltr'>revivescendi,</span> <span class='ocrx_word' id='word_1_132' title='bbox 646 1774 672 1836; x_wconf 88' lang='lat' dir='ltr'>si</span> <span class='ocrx_word' id='word_1_133' title='bbox 700 1772 776 1836; x_wconf 77' lang='lat' dir='ltr'>solia</span> <span class='ocrx_word' id='word_1_134' title='bbox 807 1773 943 1836; x_wconf 90' lang='lat' dir='ltr'>amisere</span> <span class='ocrx_word' id='word_1_135' title='bbox 950 1796 959 1847; x_wconf 92' lang='lat'>;</span> <span class='ocrx_word' id='word_1_136' title='bbox 993 1772 1148 1855; x_wconf 91' lang='lat' dir='ltr'>alioquin,</span> <span class='ocrx_word' id='word_1_137' title='bbox 1181 1793 1263 1855; x_wconf 84' lang='lat' dir='ltr'>quas</span> 
     </span>
     <span class='ocr_line' id='line_1_16' title="bbox 144 1871 1263 1959; baseline -0.001 -22"><span class='ocrx_word' id='word_1_138' title='bbox 144 1884 240 1957; x_wconf 91' lang='lat' dir='ltr'>putes</span> <span class='ocrx_word' id='word_1_139' title='bbox 261 1873 491 1959; x_wconf 86' lang='lat' dir='ltr'>praevaluisse,</span> <span class='ocrx_word' id='word_1_140' title='bbox 514 1872 703 1935; x_wconf 88' lang='lat' dir='ltr'>moriuntur.</span> <span class='ocrx_word' id='word_1_141' title='bbox 725 1871 974 1955; x_wconf 86' lang='lat' dir='ltr'>Nonnumquam</span> <span class='ocrx_word' id='word_1_142' title='bbox 989 1872 1172 1936; x_wconf 88' lang='lat' dir='ltr'>inarescunt</span> <span class='ocrx_word' id='word_1_143' title='bbox 1186 1872 1263 1936; x_wconf 86' lang='lat' dir='ltr'>folia</span> 
     </span>
     <span class='ocr_line' id='line_1_17' title="bbox 144 1971 1263 2058; baseline 0 -21"><span class='ocrx_word' id='word_1_144' title='bbox 144 1973 319 2057; x_wconf 83' lang='lat' dir='ltr'>eademque</span> <span class='ocrx_word' id='word_1_145' title='bbox 340 1974 552 2037; x_wconf 88' lang='lat' dir='ltr'>revivescunt.</span> <span class='ocrx_word' id='word_1_146' title='bbox 590 1972 683 2036; x_wconf 90' lang='lat' dir='ltr'>Aliae</span> <span class='ocrx_word' id='word_1_147' title='bbox 710 1971 743 2035; x_wconf 91' lang='lat' dir='ltr'>in</span> <span class='ocrx_word' id='word_1_148' title='bbox 771 1972 864 2036; x_wconf 84' lang='lat' dir='ltr'>terris</span> <span class='ocrx_word' id='word_1_149' title='bbox 887 1972 1199 2058; x_wconf 89' lang='lat' dir='ltr'>septentrionalibus,</span> <span class='ocrx_word' id='word_1_150' title='bbox 1225 1984 1263 2039; x_wconf 88' lang='lat' dir='ltr'>ut</span> 
     </span>
     <span class='ocr_line' id='line_1_18' title="bbox 143 2072 1261 2160; baseline 0 -23"><span class='ocrx_word' id='word_1_151' title='bbox 143 2075 176 2137; x_wconf 90' lang='lat' dir='ltr'>in</span> <span class='ocrx_word' id='word_1_152' title='bbox 199 2074 314 2151; x_wconf 88' lang='lat' dir='ltr'>Ponto,</span> <span class='ocrx_word' id='word_1_153' title='bbox 342 2073 497 2159; x_wconf 86' lang='lat' dir='ltr'>Phrygia,</span> <span class='ocrx_word' id='word_1_154' title='bbox 525 2073 644 2160; x_wconf 88' lang='lat' dir='ltr'>frigore</span> <span class='ocrx_word' id='word_1_155' title='bbox 671 2082 727 2136; x_wconf 93' lang='lat' dir='ltr'>aut</span> <span class='ocrx_word' id='word_1_156' title='bbox 747 2073 823 2159; x_wconf 90' lang='lat' dir='ltr'>gelu</span> <span class='ocrx_word' id='word_1_157' title='bbox 844 2072 1002 2150; x_wconf 88' lang='lat' dir='ltr'>laborant,</span> <span class='ocrx_word' id='word_1_158' title='bbox 1032 2074 1059 2138; x_wconf 91' lang='lat' dir='ltr'>si</span> <span class='ocrx_word' id='word_1_159' title='bbox 1085 2087 1159 2158; x_wconf 85' lang='lat' dir='ltr'>post</span> <span class='ocrx_word' id='word_1_160' title='bbox 1183 2073 1261 2138; x_wconf 90' lang='lat' dir='ltr'>bru·</span> 
     </span>
     <span class='ocr_line' id='line_1_19' title="bbox 145 2172 1264 2258; baseline 0.002 -20"><span class='ocrx_word' id='word_1_161' title='bbox 145 2197 229 2238; x_wconf 89' lang='lat' dir='ltr'>mam</span> <span class='ocrx_word' id='word_1_162' title='bbox 258 2176 485 2240; x_wconf 86' lang='lat' dir='ltr'>continuavere</span> <span class='ocrx_word' id='word_1_163' title='bbox 513 2196 557 2237; x_wconf 80' lang='lat' dir='ltr'>xn</span> <span class='ocrx_word' id='word_1_164' title='bbox 583 2172 716 2248; x_wconf 81' lang='lat' dir='ltr'>diebus3</span> <span class='ocrx_word' id='word_1_165' title='bbox 754 2184 786 2238; x_wconf 91' lang='lat' dir='ltr'>et</span> <span class='ocrx_word' id='word_1_166' title='bbox 811 2173 857 2238; x_wconf 92' lang='lat' dir='ltr'>ibi</span> <span class='ocrx_word' id='word_1_167' title='bbox 885 2184 990 2238; x_wconf 86' lang='lat' dir='ltr'>autem</span> <span class='ocrx_word' id='word_1_168' title='bbox 1019 2187 1050 2239; x_wconf 87' lang='lat' dir='ltr'>et</span> <span class='ocrx_word' id='word_1_169' title='bbox 1077 2175 1110 2238; x_wconf 93' lang='lat' dir='ltr'>in</span> <span class='ocrx_word' id='word_1_170' title='bbox 1132 2175 1264 2258; x_wconf 86' lang='lat' dir='ltr'>reliquis</span> 
     </span>
     <span class='ocr_line' id='line_1_20' title="bbox 145 2273 1265 2361; baseline 0.003 -23"><span class='ocrx_word' id='word_1_171' title='bbox 145 2275 302 2360; x_wconf 85' lang='lat' dir='ltr'>partibus,</span> <span class='ocrx_word' id='word_1_172' title='bbox 326 2276 353 2349; x_wconf 85' lang='lat' dir='ltr'>si</span> <span class='ocrx_word' id='word_1_173' title='bbox 375 2275 520 2361; x_wconf 88' lang='lat' dir='ltr'>protinus</span> <span class='ocrx_word' id='word_1_174' title='bbox 540 2274 635 2338; x_wconf 91' lang='lat' dir='ltr'>editis</span> <span class='ocrx_word' id='word_1_175' title='bbox 656 2273 813 2339; x_wconf 88' lang='lat' dir='ltr'>fructibus</span> <span class='ocrx_word' id='word_1_176' title='bbox 834 2273 953 2358; x_wconf 86' lang='lat' dir='ltr'>gelatio</span> <span class='ocrx_word' id='word_1_177' title='bbox 968 2296 1084 2360; x_wconf 86' lang='lat' dir='ltr'>magna</span> <span class='ocrx_word' id='word_1_178' title='bbox 1098 2276 1150 2341; x_wconf 87' lang='lat' dir='ltr'>vel</span> <span class='ocrx_word' id='word_1_179' title='bbox 1164 2298 1265 2359; x_wconf 86' lang='lat' dir='ltr'>aqua·</span> 
     </span>
     <span class='ocr_line' id='line_1_21' title="bbox 145 2374 1265 2461; baseline 0.003 -21"><span class='ocrx_word' id='word_1_180' title='bbox 145 2399 216 2440; x_wconf 89' lang='lat' dir='ltr'>rum</span> <span class='ocrx_word' id='word_1_181' title='bbox 237 2375 433 2441; x_wconf 87' lang='lat' dir='ltr'>abundantia</span> <span class='ocrx_word' id='word_1_182' title='bbox 454 2398 571 2460; x_wconf 91' lang='lat' dir='ltr'>magna</span> <span class='ocrx_word' id='word_1_183' title='bbox 598 2387 771 2439; x_wconf 88' lang='lat' dir='ltr'>consecuta</span> <span class='ocrx_word' id='word_1_184' title='bbox 797 2385 857 2451; x_wconf 88' lang='lat' dir='ltr'>est,</span> <span class='ocrx_word' id='word_1_185' title='bbox 886 2374 981 2438; x_wconf 90' lang='lat' dir='ltr'>etiam</span> <span class='ocrx_word' id='word_1_186' title='bbox 1008 2378 1121 2461; x_wconf 86' lang='lat' dir='ltr'>paucis</span> <span class='ocrx_word' id='word_1_187' title='bbox 1150 2377 1265 2443; x_wconf 88' lang='lat' dir='ltr'>diebus</span> 
     </span>
     <span class='ocr_line' id='line_1_22' title="bbox 146 2474 1327 2556; baseline 0 -15"><span class='ocrx_word' id='word_1_188' title='bbox 146 2488 249 2541; x_wconf 88' lang='lat' dir='ltr'>necat.</span> <span class='ocrx_word' id='word_1_189' title='bbox 273 2475 367 2556; x_wconf 88' lang='lat' dir='ltr'>Quae</span> <span class='ocrx_word' id='word_1_190' title='bbox 387 2475 505 2539; x_wconf 87' lang='lat' dir='ltr'>iniuria</span> <span class='ocrx_word' id='word_1_191' title='bbox 522 2474 686 2539; x_wconf 89' lang='lat' dir='ltr'>hominum</span> <span class='ocrx_word' id='word_1_192' title='bbox 701 2485 850 2541; x_wconf 85' lang='lat' dir='ltr'>constant</span> <span class='ocrx_word' id='word_1_193' title='bbox 873 2496 982 2539; x_wconf 91' lang='lat' dir='ltr'>secum</span> <span class='ocrx_word' id='word_1_194' title='bbox 1001 2475 1120 2542; x_wconf 89' lang='lat' dir='ltr'>habent</span> <span class='ocrx_word' id='word_1_195' title='bbox 1140 2497 1327 2542; x_wconf 71' lang='lat' dir='ltr'>caucanam</span> 
     </span>
     <span class='ocr_line' id='line_1_23' title="bbox 146 2573 1259 2659; baseline 0 -19"><span class='ocrx_word' id='word_1_196' title='bbox 146 2577 218 2652; x_wconf 82' lang='lat' dir='ltr'>Pix,</span> <span class='ocrx_word' id='word_1_197' title='bbox 240 2578 355 2653; x_wconf 90' lang='lat' dir='ltr'>oleum,</span> <span class='ocrx_word' id='word_1_198' title='bbox 378 2576 471 2659; x_wconf 89' lang='lat' dir='ltr'>adips</span> <span class='ocrx_word' id='word_1_199' title='bbox 492 2574 622 2639; x_wconf 87' lang='lat' dir='ltr'>inimica</span> <span class='ocrx_word' id='word_1_200' title='bbox 642 2575 817 2659; x_wconf 90' lang='lat' dir='ltr'>praecipue</span> <span class='ocrx_word' id='word_1_201' title='bbox 839 2576 980 2638; x_wconf 89' lang='lat' dir='ltr'>novellis.</span> <span class='ocrx_word' id='word_1_202' title='bbox 1004 2573 1134 2641; x_wconf 86' lang='lat' dir='ltr'>Cortice</span> <span class='ocrx_word' id='word_1_203' title='bbox 1156 2579 1189 2640; x_wconf 93' lang='lat' dir='ltr'>in</span> <span class='ocrx_word' id='word_1_204' title='bbox 1210 2600 1259 2642; x_wconf 91' lang='lat' dir='ltr'>or·</span> 
     </span>
     <span class='ocr_line' id='line_1_24' title="bbox 146 2673 1260 2759; baseline -0.001 -17"><span class='ocrx_word' id='word_1_205' title='bbox 146 2678 220 2742; x_wconf 92' lang='lat' dir='ltr'>bem</span> <span class='ocrx_word' id='word_1_206' title='bbox 241 2677 383 2741; x_wconf 87' lang='lat' dir='ltr'>detracto</span> <span class='ocrx_word' id='word_1_207' title='bbox 404 2688 570 2753; x_wconf 90' lang='lat' dir='ltr'>necantur,</span> <span class='ocrx_word' id='word_1_208' title='bbox 594 2684 729 2759; x_wconf 85' lang='lat' dir='ltr'>excepto</span> <span class='ocrx_word' id='word_1_209' title='bbox 753 2673 885 2751; x_wconf 86' lang='lat' dir='ltr'>subere,</span> <span class='ocrx_word' id='word_1_210' title='bbox 913 2674 999 2757; x_wconf 89' lang='lat' dir='ltr'>quod</span> <span class='ocrx_word' id='word_1_211' title='bbox 1028 2675 1075 2740; x_wconf 89' lang='lat' dir='ltr'>sio</span> <span class='ocrx_word' id='word_1_212' title='bbox 1096 2678 1191 2740; x_wconf 87' lang='lat' dir='ltr'>etiam</span> <span class='ocrx_word' id='word_1_213' title='bbox 1212 2678 1260 2742; x_wconf 88' lang='lat' dir='ltr'>in·</span> 
     </span>
     <span class='ocr_line' id='line_1_25' title="bbox 148 2773 1260 2860; baseline -0.002 -18"><span class='ocrx_word' id='word_1_214' title='bbox 148 2789 257 2852; x_wconf 85' lang='lat' dir='ltr'>vatur3</span> <span class='ocrx_word' id='word_1_215' title='bbox 285 2799 488 2842; x_wconf 86' lang='lat' dir='ltr'>crassescens</span> <span class='ocrx_word' id='word_1_216' title='bbox 511 2776 595 2840; x_wconf 90' lang='lat' dir='ltr'>enim</span> <span class='ocrx_word' id='word_1_217' title='bbox 616 2773 829 2860; x_wconf 88' lang='lat' dir='ltr'>praestringit</span> <span class='ocrx_word' id='word_1_218' title='bbox 849 2783 881 2837; x_wconf 90' lang='lat' dir='ltr'>et</span> <span class='ocrx_word' id='word_1_219' title='bbox 902 2774 1096 2858; x_wconf 84' lang='lat' dir='ltr'>strangulat3</span> <span class='ocrx_word' id='word_1_220' title='bbox 1124 2798 1185 2840; x_wconf 89' lang='lat' dir='ltr'>nec</span> <span class='ocrx_word' id='word_1_221' title='bbox 1206 2798 1260 2840; x_wconf 89' lang='lat' dir='ltr'>an·</span> 
     </span>
     <span class='ocr_line' id='line_1_26' title="bbox 148 2873 1265 2960; baseline 0 -20"><span class='ocrx_word' id='word_1_222' title='bbox 148 2877 278 2942; x_wconf 88' lang='lat' dir='ltr'>drachle</span> <span class='ocrx_word' id='word_1_223' title='bbox 299 2877 483 2954; x_wconf 86' lang='lat' dir='ltr'>offenditur,</span> <span class='ocrx_word' id='word_1_224' title='bbox 507 2876 533 2940; x_wconf 92' lang='lat' dir='ltr'>si</span> <span class='ocrx_word' id='word_1_225' title='bbox 555 2898 621 2939; x_wconf 91' lang='lat' dir='ltr'>non</span> <span class='ocrx_word' id='word_1_226' title='bbox 644 2874 738 2939; x_wconf 87' lang='lat' dir='ltr'>simul</span> <span class='ocrx_word' id='word_1_227' title='bbox 758 2873 918 2939; x_wconf 84' lang='lat' dir='ltr'>incidatur</span> <span class='ocrx_word' id='word_1_228' title='bbox 939 2884 971 2938; x_wconf 87' lang='lat' dir='ltr'>et</span> <span class='ocrx_word' id='word_1_229' title='bbox 983 2895 1111 2958; x_wconf 88' lang='lat' dir='ltr'>corpus.</span> <span class='ocrx_word' id='word_1_230' title='bbox 1134 2875 1265 2960; x_wconf 87' lang='lat' dir='ltr'>Alioq&#39;ni</span> 
     </span>
     <span class='ocr_line' id='line_1_27' title="bbox 148 2973 1265 3051; baseline 0.003 -11"><span class='ocrx_word' id='word_1_231' title='bbox 148 2989 179 3040; x_wconf 91' lang='lat' dir='ltr'>et</span> <span class='ocrx_word' id='word_1_232' title='bbox 199 2999 331 3043; x_wconf 90' lang='lat' dir='ltr'>cerasus</span> <span class='ocrx_word' id='word_1_233' title='bbox 352 2988 385 3042; x_wconf 89' lang='lat' dir='ltr'>et</span> <span class='ocrx_word' id='word_1_234' title='bbox 406 2977 473 3041; x_wconf 87' lang='lat' dir='ltr'>tilia</span> <span class='ocrx_word' id='word_1_235' title='bbox 495 2988 526 3041; x_wconf 87' lang='lat' dir='ltr'>et</span> <span class='ocrx_word' id='word_1_236' title='bbox 547 2976 622 3040; x_wconf 89' lang='lat' dir='ltr'>vitis</span> <span class='ocrx_word' id='word_1_237' title='bbox 642 2974 794 3040; x_wconf 89' lang='lat' dir='ltr'>corticem</span> <span class='ocrx_word' id='word_1_238' title='bbox 815 2973 955 3051; x_wconf 85' lang='lat' dir='ltr'>mittunt,</span> <span class='ocrx_word' id='word_1_239' title='bbox 979 2974 1117 3040; x_wconf 88' lang='lat' dir='ltr'>sednon</span> <span class='ocrx_word' id='word_1_240' title='bbox 1137 2976 1265 3043; x_wconf 81' lang='lat' dir='ltr'>vitalem</span> 
     </span>
     <span class='ocr_line' id='line_1_28' title="bbox 148 3074 1264 3162; baseline 0.003 -22"><span class='ocrx_word' id='word_1_241' title='bbox 148 3098 206 3141; x_wconf 89' lang='lat' dir='ltr'>nec</span> <span class='ocrx_word' id='word_1_242' title='bbox 228 3099 421 3162; x_wconf 88' lang='lat' dir='ltr'>proxumum</span> <span class='ocrx_word' id='word_1_243' title='bbox 444 3077 579 3161; x_wconf 88' lang='lat' dir='ltr'>corpori,</span> <span class='ocrx_word' id='word_1_244' title='bbox 603 3098 715 3140; x_wconf 89' lang='lat' dir='ltr'>verum</span> <span class='ocrx_word' id='word_1_245' title='bbox 736 3097 809 3140; x_wconf 89' lang='lat' dir='ltr'>eum</span> <span class='ocrx_word' id='word_1_246' title='bbox 831 3075 888 3160; x_wconf 91' lang='lat' dir='ltr'>qui</span> <span class='ocrx_word' id='word_1_247' title='bbox 902 3074 1114 3142; x_wconf 90' lang='lat' dir='ltr'>subnascente</span> <span class='ocrx_word' id='word_1_248' title='bbox 1130 3077 1192 3142; x_wconf 89' lang='lat' dir='ltr'>alio</span> <span class='ocrx_word' id='word_1_249' title='bbox 1207 3100 1264 3143; x_wconf 83' lang='lat' dir='ltr'>ex·</span> 
     </span>
    </p>
   </div>
   <div class='ocr_carea' id='block_1_3' title="bbox 134 3248 1266 4249">
    <p class='ocr_par' dir='ltr' id='par_1_3' title="bbox 134 3248 1266 4249">
     <span class='ocr_line' id='line_1_29' title="bbox 148 3248 1266 3314; baseline 0.003 -16"><span class='ocrx_word' id='word_1_250' title='bbox 148 3251 227 3312; x_wconf 85' lang='lat' dir='ltr'>plant.</span> <span class='ocrx_word' id='word_1_251' title='bbox 239 3251 273 3300; x_wconf 81' lang='lat' dir='ltr'>V.</span> <span class='ocrx_word' id='word_1_252' title='bbox 288 3256 328 3308; x_wconf 86' lang='lat' dir='ltr'>lo,</span> <span class='ocrx_word' id='word_1_253' title='bbox 344 3256 365 3299; x_wconf 92' lang='grc'>1.</span> <span class='ocrx_word' id='word_1_254' title='bbox 377 3251 473 3301; x_wconf 83' lang='lat' dir='ltr'>ethist.</span> <span class='ocrx_word' id='word_1_255' title='bbox 486 3252 565 3314; x_wconf 83' lang='lat' dir='ltr'>plant.</span> <span class='ocrx_word' id='word_1_256' title='bbox 579 3250 626 3299; x_wconf 84' lang='lat' dir='ltr'>IV.</span> <span class='ocrx_word' id='word_1_257' title='bbox 640 3256 680 3310; x_wconf 84' lang='lat'>15,</span> <span class='ocrx_word' id='word_1_258' title='bbox 694 3256 732 3299; x_wconf 91' lang='grc'>11.</span> <span class='ocrx_word' id='word_1_259' title='bbox 753 3290 783 3298; x_wconf 76' lang='grc'><strong>-</strong></span> <span class='ocrx_word' id='word_1_260' title='bbox 794 3248 890 3312; x_wconf 80' lang='lat' dir='ltr'>secere,</span> <span class='ocrx_word' id='word_1_261' title='bbox 902 3251 947 3299; x_wconf 87' lang='lat' dir='ltr'>ad.</span> <span class='ocrx_word' id='word_1_262' title='bbox 965 3290 996 3298; x_wconf 73' lang='grc'><strong>-</strong></span> <span class='ocrx_word' id='word_1_263' title='bbox 1016 3266 1075 3311; x_wconf 85' lang='lat' dir='ltr'>cam,</span> <span class='ocrx_word' id='word_1_264' title='bbox 1087 3251 1161 3301; x_wconf 82' lang='lat' dir='ltr'>Tad.</span> <span class='ocrx_word' id='word_1_265' title='bbox 1174 3294 1205 3302; x_wconf 87' lang='lat'>..</span> <span class='ocrx_word' id='word_1_266' title='bbox 1224 3269 1266 3302; x_wconf 86' lang='lat' dir='ltr'>ar·</span> 
     </span>
     <span class='ocr_line' id='line_1_30' title="bbox 149 3311 1264 3381; baseline 0.006 -17"><span class='ocrx_word' id='word_1_267' title='bbox 149 3315 365 3379; x_wconf 84' lang='lat' dir='ltr'>ctaram,·enedem,</span> <span class='ocrx_word' id='word_1_268' title='bbox 377 3321 501 3367; x_wconf 47' lang='lat' dir='ltr'>decretur</span> <span class='ocrx_word' id='word_1_269' title='bbox 512 3333 577 3366; x_wconf 84' lang='lat' dir='ltr'>rame</span> <span class='ocrx_word' id='word_1_270' title='bbox 589 3315 660 3380; x_wconf 61' lang='lat' dir='ltr'>edem,</span> <span class='ocrx_word' id='word_1_271' title='bbox 673 3333 695 3365; x_wconf 80' lang='lat' dir='ltr'>a</span> <span class='ocrx_word' id='word_1_272' title='bbox 714 3357 745 3364; x_wconf 88' lang='grc'>..</span> <span class='ocrx_word' id='word_1_273' title='bbox 764 3314 869 3378; x_wconf 78' lang='lat' dir='ltr'>drappis,</span> <span class='ocrx_word' id='word_1_274' title='bbox 882 3317 927 3364; x_wconf 89' lang='lat' dir='ltr'>ad.</span> <span class='ocrx_word' id='word_1_275' title='bbox 948 3357 976 3364; x_wconf 84' lang='lat'><em>-</em></span> <span class='ocrx_word' id='word_1_276' title='bbox 1003 3325 1057 3378; x_wconf 74' lang='lat' dir='ltr'>tura,</span> <span class='ocrx_word' id='word_1_277' title='bbox 1073 3311 1143 3369; x_wconf 71' lang='lat' dir='ltr'>dau.</span> <span class='ocrx_word' id='word_1_278' title='bbox 1163 3327 1223 3380; x_wconf 82' lang='lat' dir='ltr'>tuac,</span> <span class='ocrx_word' id='word_1_279' title='bbox 1234 3315 1264 3381; x_wconf 76' lang='grc' dir='ltr'><em>β</em></span> 
     </span>
     <span class='ocr_line' id='line_1_31' title="bbox 134 3383 1265 3449; baseline 0.002 -15"><span class='ocrx_word' id='word_1_280' title='bbox 134 3437 137 3440; x_wconf 69' lang='grc'><strong>,</strong></span> <span class='ocrx_word' id='word_1_281' title='bbox 183 3387 272 3446; x_wconf 65' lang='lat'>§2811</span> <span class='ocrx_word' id='word_1_282' title='bbox 297 3383 361 3433; x_wconf 82' lang='lat' dir='ltr'>Sunt</span> <span class='ocrx_word' id='word_1_283' title='bbox 371 3392 394 3432; x_wconf 81' lang='lat' dir='ltr'>et</span> <span class='ocrx_word' id='word_1_284' title='bbox 404 3383 502 3433; x_wconf 68' lang='lat' dir='ltr'>rubeam</span> <span class='ocrx_word' id='word_1_285' title='bbox 512 3399 601 3449; x_wconf 77' lang='lat' dir='ltr'>qaaere</span> <span class='ocrx_word' id='word_1_286' title='bbox 613 3399 691 3447; x_wconf 72' lang='lat' dir='ltr'>seqq,</span> <span class='ocrx_word' id='word_1_287' title='bbox 702 3384 834 3445; x_wconf 86' lang='lat' dir='ltr'>Theophr.</span> <span class='ocrx_word' id='word_1_288' title='bbox 847 3383 906 3431; x_wconf 86' lang='lat' dir='ltr'>hit.</span> <span class='ocrx_word' id='word_1_289' title='bbox 918 3383 997 3446; x_wconf 79' lang='lat' dir='ltr'>plant.</span> <span class='ocrx_word' id='word_1_290' title='bbox 1007 3383 1105 3444; x_wconf 70' lang='grc' dir='ltr'>ΝΗ,</span> <span class='ocrx_word' id='word_1_291' title='bbox 1117 3392 1155 3435; x_wconf 88' lang='lat' dir='ltr'>lo.</span> <span class='ocrx_word' id='word_1_292' title='bbox 1170 3427 1200 3435; x_wconf 90' lang='lat'>..</span> <span class='ocrx_word' id='word_1_293' title='bbox 1218 3385 1265 3436; x_wconf 70' lang='lat' dir='ltr'>ali-</span> 
     </span>
     <span class='ocr_line' id='line_1_32' title="bbox 148 3445 1196 3515; baseline 0.001 -17"><span class='ocrx_word' id='word_1_294' title='bbox 148 3450 208 3512; x_wconf 79' lang='lat' dir='ltr'>quia,</span> <span class='ocrx_word' id='word_1_295' title='bbox 220 3466 242 3499; x_wconf 82' lang='lat' dir='ltr'>a.</span> <span class='ocrx_word' id='word_1_296' title='bbox 260 3450 387 3513; x_wconf 54' lang='lat' dir='ltr'>altaribus,</span> <span class='ocrx_word' id='word_1_297' title='bbox 399 3446 471 3515; x_wconf 75' lang='grc' dir='ltr'>ἀβγ.</span> <span class='ocrx_word' id='word_1_298' title='bbox 489 3493 519 3500; x_wconf 83' lang='grc'>..</span> <span class='ocrx_word' id='word_1_299' title='bbox 539 3449 652 3508; x_wconf 81' lang='lat' dir='ltr'>modeato,</span> <span class='ocrx_word' id='word_1_300' title='bbox 665 3466 687 3499; x_wconf 88' lang='lat' dir='ltr'>a.</span> <span class='ocrx_word' id='word_1_301' title='bbox 706 3489 736 3498; x_wconf 88' lang='lat'>..</span> <span class='ocrx_word' id='word_1_302' title='bbox 757 3457 811 3506; x_wconf 83' lang='lat' dir='ltr'>tam,</span> <span class='ocrx_word' id='word_1_303' title='bbox 822 3465 845 3498; x_wconf 88' lang='lat' dir='ltr'>a.</span> <span class='ocrx_word' id='word_1_304' title='bbox 866 3457 926 3507; x_wconf 83' lang='lat' dir='ltr'>tanc,</span> <span class='ocrx_word' id='word_1_305' title='bbox 939 3445 1010 3513; x_wconf 70' lang='lat' dir='ltr'>dssy.</span> <span class='ocrx_word' id='word_1_306' title='bbox 1030 3493 1061 3499; x_wconf 86' lang='grc'>-</span> <span class='ocrx_word' id='word_1_307' title='bbox 1080 3450 1162 3511; x_wconf 72' lang='lat' dir='ltr'>dulmb,</span> <span class='ocrx_word' id='word_1_308' title='bbox 1174 3470 1196 3503; x_wconf 70' lang='lat' dir='ltr'>a</span> 
     </span>
     <span class='ocr_line' id='line_1_33' title="bbox 182 3511 1188 3580; baseline 0.001 -13"><span class='ocrx_word' id='word_1_309' title='bbox 182 3521 267 3580; x_wconf 71' lang='lat'>§282</span> <span class='ocrx_word' id='word_1_310' title='bbox 294 3517 411 3577; x_wconf 80' lang='lat' dir='ltr'>dicantur,</span> <span class='ocrx_word' id='word_1_311' title='bbox 425 3512 475 3567; x_wconf 74' lang='lat' dir='ltr'>Oa.</span> <span class='ocrx_word' id='word_1_312' title='bbox 494 3517 611 3577; x_wconf 76' lang='lat' dir='ltr'>dicuntur,</span> <span class='ocrx_word' id='word_1_313' title='bbox 624 3511 695 3579; x_wconf 77' lang='grc' dir='ltr'>ᾱβγ.</span> <span class='ocrx_word' id='word_1_314' title='bbox 714 3556 745 3564; x_wconf 86' lang='grc'>-</span> <span class='ocrx_word' id='word_1_315' title='bbox 763 3514 884 3572; x_wconf 81' lang='lat' dir='ltr'>invaserit,</span> <span class='ocrx_word' id='word_1_316' title='bbox 897 3516 949 3565; x_wconf 74' lang='grc' dir='ltr'>Τὰ.</span> <span class='ocrx_word' id='word_1_317' title='bbox 968 3557 999 3565; x_wconf 87' lang='grc'>..</span> <span class='ocrx_word' id='word_1_318' title='bbox 1014 3517 1124 3580; x_wconf 79' lang='lat' dir='ltr'>flaverit,</span> <span class='ocrx_word' id='word_1_319' title='bbox 1136 3520 1188 3571; x_wconf 75' lang='grc' dir='ltr'>Τὰ,</span> 
     </span>
     <span class='ocr_line' id='line_1_34' title="bbox 182 3579 1265 3648; baseline 0.003 -15"><span class='ocrx_word' id='word_1_320' title='bbox 182 3587 268 3647; x_wconf 63' lang='lat' dir='ltr'>§m</span> <span class='ocrx_word' id='word_1_321' title='bbox 296 3584 365 3644; x_wconf 82' lang='lat' dir='ltr'>venit,</span> <span class='ocrx_word' id='word_1_322' title='bbox 378 3579 476 3634; x_wconf 76' lang='lat' dir='ltr'>Orac.</span> <span class='ocrx_word' id='word_1_323' title='bbox 499 3584 608 3644; x_wconf 69' lang='lat' dir='ltr'>comit,</span> <span class='ocrx_word' id='word_1_324' title='bbox 618 3579 647 3644; x_wconf 78' lang='grc' dir='ltr'>β.</span> <span class='ocrx_word' id='word_1_325' title='bbox 667 3624 698 3632; x_wconf 88' lang='grc'>..</span> <span class='ocrx_word' id='word_1_326' title='bbox 721 3581 885 3642; x_wconf 79' lang='lat' dir='ltr'>revivescendi,</span> <span class='ocrx_word' id='word_1_327' title='bbox 897 3598 920 3630; x_wconf 88' lang='lat' dir='ltr'>a.</span> <span class='ocrx_word' id='word_1_328' title='bbox 942 3583 1103 3646; x_wconf 81' lang='lat' dir='ltr'>reviviscendi,</span> <span class='ocrx_word' id='word_1_329' title='bbox 1114 3583 1165 3647; x_wconf 72' lang='lat' dir='ltr'>dss.</span> <span class='ocrx_word' id='word_1_330' title='bbox 1184 3627 1215 3636; x_wconf 89' lang='lat'>..</span> <span class='ocrx_word' id='word_1_331' title='bbox 1234 3586 1265 3648; x_wconf 79' lang='lat' dir='ltr'>si,</span> 
     </span>
     <span class='ocr_line' id='line_1_35' title="bbox 149 3644 1265 3714; baseline 0.001 -15"><span class='ocrx_word' id='word_1_332' title='bbox 149 3653 288 3701; x_wconf 76' lang='lat' dir='ltr'>omitted.</span> <span class='ocrx_word' id='word_1_333' title='bbox 308 3692 338 3700; x_wconf 77' lang='grc'><strong>-</strong></span> <span class='ocrx_word' id='word_1_334' title='bbox 363 3650 476 3713; x_wconf 78' lang='lat' dir='ltr'>alioquin,</span> <span class='ocrx_word' id='word_1_335' title='bbox 489 3667 511 3700; x_wconf 91' lang='lat' dir='ltr'>a.</span> <span class='ocrx_word' id='word_1_336' title='bbox 533 3650 630 3714; x_wconf 82' lang='lat' dir='ltr'>alioqui,</span> <span class='ocrx_word' id='word_1_337' title='bbox 644 3644 716 3713; x_wconf 71' lang='lat' dir='ltr'>err.</span> <span class='ocrx_word' id='word_1_338' title='bbox 735 3689 765 3697; x_wconf 92' lang='lat'>..</span> <span class='ocrx_word' id='word_1_339' title='bbox 789 3649 982 3708; x_wconf 77' lang='lat' dir='ltr'>moriuntur,ad.</span> <span class='ocrx_word' id='word_1_340' title='bbox 1005 3652 1141 3713; x_wconf 73' lang='lat' dir='ltr'>monoamr,</span> <span class='ocrx_word' id='word_1_341' title='bbox 1158 3645 1186 3702; x_wconf 83' lang='grc' dir='ltr'>θ.</span> <span class='ocrx_word' id='word_1_342' title='bbox 1204 3669 1265 3700; x_wconf 65' lang='grc' dir='ltr'>αωο-</span> 
     </span>
     <span class='ocr_line' id='line_1_36' title="bbox 148 3711 1264 3782; baseline 0.002 -16"><span class='ocrx_word' id='word_1_343' title='bbox 148 3717 249 3778; x_wconf 64' lang='lat' dir='ltr'>muctar,</span> <span class='ocrx_word' id='word_1_344' title='bbox 260 3714 313 3782; x_wconf 77' lang='grc' dir='ltr'>βγ.</span> <span class='ocrx_word' id='word_1_345' title='bbox 331 3759 363 3766; x_wconf 89' lang='grc'>..</span> <span class='ocrx_word' id='word_1_346' title='bbox 380 3719 533 3776; x_wconf 81' lang='lat' dir='ltr'>revivcscaat,</span> <span class='ocrx_word' id='word_1_347' title='bbox 549 3711 618 3768; x_wconf 63' lang='grc' dir='ltr'>θεὰ.</span> <span class='ocrx_word' id='word_1_348' title='bbox 637 3716 783 3775; x_wconf 69' lang='lat' dir='ltr'>reviviscant,</span> <span class='ocrx_word' id='word_1_349' title='bbox 794 3711 824 3776; x_wconf 85' lang='grc' dir='ltr'>β.</span> <span class='ocrx_word' id='word_1_350' title='bbox 843 3756 874 3764; x_wconf 83' lang='grc'><strong>-</strong></span> <span class='ocrx_word' id='word_1_351' title='bbox 892 3713 959 3776; x_wconf 67' lang='lat' dir='ltr'>Ata,</span> <span class='ocrx_word' id='word_1_352' title='bbox 971 3733 994 3766; x_wconf 89' lang='lat' dir='ltr'>a.</span> <span class='ocrx_word' id='word_1_353' title='bbox 1014 3759 1044 3766; x_wconf 90' lang='lat'>..</span> <span class='ocrx_word' id='word_1_354' title='bbox 1063 3719 1087 3767; x_wconf 81' lang='lat' dir='ltr'>ia</span> <span class='ocrx_word' id='word_1_355' title='bbox 1100 3719 1264 3780; x_wconf 61' lang='lat' dir='ltr'>temiallard.</span> 
     </span>
     <span class='ocr_line' id='line_1_37' title="bbox 149 3779 1264 3848; baseline 0.004 -18"><span class='ocrx_word' id='word_1_356' title='bbox 149 3783 253 3838; x_wconf 65' lang='lat' dir='ltr'>intona.</span> <span class='ocrx_word' id='word_1_357' title='bbox 279 3780 397 3848; x_wconf 64' lang='lat' dir='ltr'>iadssr.</span> <span class='ocrx_word' id='word_1_358' title='bbox 421 3825 452 3833; x_wconf 86' lang='lat'>..</span> <span class='ocrx_word' id='word_1_359' title='bbox 476 3784 582 3845; x_wconf 66' lang='lat' dir='ltr'>utiad.</span> <span class='ocrx_word' id='word_1_360' title='bbox 610 3779 726 3846; x_wconf 65' lang='lat' dir='ltr'>atafiy.</span> <span class='ocrx_word' id='word_1_361' title='bbox 747 3824 776 3832; x_wconf 62' lang='grc'><strong>-</strong></span> <span class='ocrx_word' id='word_1_362' title='bbox 795 3781 932 3845; x_wconf 61' lang='lat' dir='ltr'>fraqima.</span> <span class='ocrx_word' id='word_1_363' title='bbox 951 3824 981 3833; x_wconf 81' lang='lat'>..</span> <span class='ocrx_word' id='word_1_364' title='bbox 1009 3793 1032 3832; x_wconf 83' lang='lat' dir='ltr'>et</span> <span class='ocrx_word' id='word_1_365' title='bbox 1043 3784 1078 3833; x_wconf 81' lang='lat' dir='ltr'>ibi</span> <span class='ocrx_word' id='word_1_366' title='bbox 1091 3794 1177 3844; x_wconf 83' lang='lat' dir='ltr'>cutem,</span> <span class='ocrx_word' id='word_1_367' title='bbox 1189 3787 1264 3835; x_wconf 87' lang='lat' dir='ltr'>codd.</span> 
     </span>
     <span class='ocr_line' id='line_1_38' title="bbox 152 3849 1264 3916; baseline -0.002 -14"><span class='ocrx_word' id='word_1_368' title='bbox 152 3851 208 3902; x_wconf 84' lang='lat' dir='ltr'>Gel.</span> <span class='ocrx_word' id='word_1_369' title='bbox 236 3852 278 3900; x_wconf 68' lang='lat' dir='ltr'>aba·</span> <span class='ocrx_word' id='word_1_370' title='bbox 288 3859 373 3910; x_wconf 78' lang='lat' dir='ltr'>autern,</span> <span class='ocrx_word' id='word_1_371' title='bbox 384 3869 406 3901; x_wconf 92' lang='lat' dir='ltr'>a.</span> <span class='ocrx_word' id='word_1_372' title='bbox 433 3850 472 3910; x_wconf 77' lang='lat' dir='ltr'>abi,</span> <span class='ocrx_word' id='word_1_373' title='bbox 485 3853 537 3902; x_wconf 65' lang='grc' dir='ltr'>Τὼ</span> <span class='ocrx_word' id='word_1_374' title='bbox 561 3893 592 3900; x_wconf 88' lang='grc'>-</span> <span class='ocrx_word' id='word_1_375' title='bbox 617 3849 713 3915; x_wconf 78' lang='lat' dir='ltr'>palatio,</span> <span class='ocrx_word' id='word_1_376' title='bbox 725 3852 749 3899; x_wconf 89' lang='lat' dir='ltr'>d.</span> <span class='ocrx_word' id='word_1_377' title='bbox 776 3849 893 3910; x_wconf 76' lang='lat' dir='ltr'>velnu‘am,</span> <span class='ocrx_word' id='word_1_378' title='bbox 906 3866 929 3900; x_wconf 89' lang='lat' dir='ltr'>a.</span> <span class='ocrx_word' id='word_1_379' title='bbox 947 3892 977 3900; x_wconf 78' lang='lat'><em>-</em></span> <span class='ocrx_word' id='word_1_380' title='bbox 1001 3851 1264 3916; x_wconf 70' lang='lat' dir='ltr'>magnavelaqaanms</span> 
     </span>
     <span class='ocr_line' id='line_1_39' title="bbox 150 3913 1179 3983; baseline 0.002 -19"><span class='ocrx_word' id='word_1_381' title='bbox 150 3916 300 3966; x_wconf 81' lang='lat' dir='ltr'>abundantia</span> <span class='ocrx_word' id='word_1_382' title='bbox 311 3933 407 3982; x_wconf 69' lang='lat' dir='ltr'>magna,</span> <span class='ocrx_word' id='word_1_383' title='bbox 419 3919 506 3968; x_wconf 91' lang='lat' dir='ltr'>Dalec.</span> <span class='ocrx_word' id='word_1_384' title='bbox 525 3934 613 3981; x_wconf 68' lang='lat' dir='ltr'>magau</span> <span class='ocrx_word' id='word_1_385' title='bbox 625 3915 662 3966; x_wconf 83' lang='lat' dir='ltr'>vel</span> <span class='ocrx_word' id='word_1_386' title='bbox 672 3914 821 3965; x_wconf 78' lang='lat' dir='ltr'>abundantia</span> <span class='ocrx_word' id='word_1_387' title='bbox 832 3933 928 3981; x_wconf 69' lang='lat' dir='ltr'>magau,</span> <span class='ocrx_word' id='word_1_388' title='bbox 940 3934 959 3967; x_wconf 87' lang='lat' dir='ltr'>r.</span> <span class='ocrx_word' id='word_1_389' title='bbox 978 3934 1073 3983; x_wconf 71' lang='lat' dir='ltr'>magna,</span> <span class='ocrx_word' id='word_1_390' title='bbox 1085 3913 1179 3980; x_wconf 70' lang='lat' dir='ltr'>adssr.</span> 
     </span>
     <span class='ocr_line' id='line_1_40' title="bbox 184 3983 1264 4048; baseline 0.001 -14"><span class='ocrx_word' id='word_1_391' title='bbox 184 3983 269 4042; x_wconf 64' lang='grc'><strong>5234.</strong></span> <span class='ocrx_word' id='word_1_392' title='bbox 300 3983 405 4045; x_wconf 60' lang='lat' dir='ltr'>lamiam,</span> <span class='ocrx_word' id='word_1_393' title='bbox 417 3987 440 4034; x_wconf 85' lang='lat' dir='ltr'>d.</span> <span class='ocrx_word' id='word_1_394' title='bbox 461 4025 491 4034; x_wconf 94' lang='lat'>..</span> <span class='ocrx_word' id='word_1_395' title='bbox 509 3993 608 4046; x_wconf 75' lang='lat' dir='ltr'>coartat,</span> <span class='ocrx_word' id='word_1_396' title='bbox 620 3986 665 4034; x_wconf 89' lang='lat' dir='ltr'>ad.</span> <span class='ocrx_word' id='word_1_397' title='bbox 684 4025 715 4032; x_wconf 79' lang='grc'>-</span> <span class='ocrx_word' id='word_1_398' title='bbox 733 4000 818 4044; x_wconf 84' lang='lat' dir='ltr'>secam,</span> <span class='ocrx_word' id='word_1_399' title='bbox 830 3986 914 4034; x_wconf 69' lang='lat' dir='ltr'>Tam.</span> <span class='ocrx_word' id='word_1_400' title='bbox 932 3984 1072 4043; x_wconf 72' lang='lat' dir='ltr'>sectandum,</span> <span class='ocrx_word' id='word_1_401' title='bbox 1084 3986 1118 4033; x_wconf 90' lang='lat' dir='ltr'>a¹.</span> <span class='ocrx_word' id='word_1_402' title='bbox 1141 3983 1264 4048; x_wconf 72' lang='lat' dir='ltr'>amandos,</span> 
     </span>
     <span class='ocr_line' id='line_1_41' title="bbox 149 4047 1264 4119; baseline 0.003 -18"><span class='ocrx_word' id='word_1_403' title='bbox 149 4047 199 4114; x_wconf 79' lang='grc' dir='ltr'>βγ.</span> <span class='ocrx_word' id='word_1_404' title='bbox 225 4093 256 4099; x_wconf 88' lang='grc'>-</span> <span class='ocrx_word' id='word_1_405' title='bbox 283 4051 340 4113; x_wconf 71' lang='lat' dir='ltr'>Pa,</span> <span class='ocrx_word' id='word_1_406' title='bbox 352 4049 425 4099; x_wconf 79' lang='lat' dir='ltr'>oleam</span> <span class='ocrx_word' id='word_1_407' title='bbox 438 4067 481 4115; x_wconf 92' lang='lat' dir='ltr'>seq</span> <span class='ocrx_word' id='word_1_408' title='bbox 501 4089 515 4112; x_wconf 94' lang='lat'>.,</span> <span class='ocrx_word' id='word_1_409' title='bbox 527 4068 551 4101; x_wconf 87' lang='lat' dir='ltr'>v.</span> <span class='ocrx_word' id='word_1_410' title='bbox 565 4051 695 4115; x_wconf 87' lang='lat' dir='ltr'>Theophr.</span> <span class='ocrx_word' id='word_1_411' title='bbox 708 4051 766 4101; x_wconf 87' lang='lat' dir='ltr'>hist.</span> <span class='ocrx_word' id='word_1_412' title='bbox 778 4052 858 4115; x_wconf 86' lang='lat' dir='ltr'>plant.</span> <span class='ocrx_word' id='word_1_413' title='bbox 870 4052 917 4101; x_wconf 90' lang='lat' dir='ltr'>IV.</span> <span class='ocrx_word' id='word_1_414' title='bbox 932 4057 971 4111; x_wconf 85' lang='lat'>17,</span> <span class='ocrx_word' id='word_1_415' title='bbox 986 4059 1008 4101; x_wconf 95' lang='grc'>1.</span> <span class='ocrx_word' id='word_1_416' title='bbox 1026 4061 1051 4100; x_wconf 85' lang='lat' dir='ltr'>et</span> <span class='ocrx_word' id='word_1_417' title='bbox 1062 4054 1093 4100; x_wconf 90' lang='lat' dir='ltr'>de</span> <span class='ocrx_word' id='word_1_418' title='bbox 1105 4067 1172 4102; x_wconf 86' lang='lat' dir='ltr'>caus.</span> <span class='ocrx_word' id='word_1_419' title='bbox 1183 4054 1264 4119; x_wconf 85' lang='lat' dir='ltr'>plant.</span> 
     </span>
     <span class='ocr_line' id='line_1_42' title="bbox 150 4068 1264 4184; baseline 0.004 -17"><span class='ocrx_word' id='word_1_420' title='bbox 150 4120 183 4167; x_wconf 90' lang='lat' dir='ltr'>V.</span> <span class='ocrx_word' id='word_1_421' title='bbox 199 4124 237 4177; x_wconf 81' lang='lat'>15,</span> <span class='ocrx_word' id='word_1_422' title='bbox 251 4124 274 4168; x_wconf 86' lang='grc'>6.</span> <span class='ocrx_word' id='word_1_423' title='bbox 292 4159 324 4166; x_wconf 89' lang='grc'>-</span> <span class='ocrx_word' id='word_1_424' title='bbox 343 4116 424 4181; x_wconf 77' lang='lat' dir='ltr'>adeps,</span> <span class='ocrx_word' id='word_1_425' title='bbox 437 4068 530 4182; x_wconf 56' lang='lat' dir='ltr'>adds.</span> <span class='ocrx_word' id='word_1_426' title='bbox 550 4160 581 4168; x_wconf 90' lang='lat'>..</span> <span class='ocrx_word' id='word_1_427' title='bbox 599 4120 661 4177; x_wconf 78' lang='lat' dir='ltr'>orbe,</span> <span class='ocrx_word' id='word_1_428' title='bbox 674 4119 719 4166; x_wconf 85' lang='lat' dir='ltr'>ad.</span> <span class='ocrx_word' id='word_1_429' title='bbox 742 4119 856 4182; x_wconf 77' lang='lat' dir='ltr'>sumpsit</span> <span class='ocrx_word' id='word_1_430' title='bbox 866 4119 929 4167; x_wconf 87' lang='lat' dir='ltr'>haec</span> <span class='ocrx_word' id='word_1_431' title='bbox 941 4119 1006 4167; x_wconf 90' lang='lat' dir='ltr'>Plin.</span> <span class='ocrx_word' id='word_1_432' title='bbox 1019 4133 1052 4167; x_wconf 85' lang='lat' dir='ltr'>ex</span> <span class='ocrx_word' id='word_1_433' title='bbox 1064 4119 1194 4184; x_wconf 81' lang='lat' dir='ltr'>Theophr.</span> <span class='ocrx_word' id='word_1_434' title='bbox 1206 4120 1264 4171; x_wconf 84' lang='lat' dir='ltr'>hist.</span> 
     </span>
     <span class='ocr_line' id='line_1_43' title="bbox 149 4182 1264 4249; baseline 0.004 -16"><span class='ocrx_word' id='word_1_435' title='bbox 149 4186 229 4248; x_wconf 85' lang='lat' dir='ltr'>plant.</span> <span class='ocrx_word' id='word_1_436' title='bbox 242 4186 288 4234; x_wconf 90' lang='lat' dir='ltr'>1v.</span> <span class='ocrx_word' id='word_1_437' title='bbox 303 4191 342 4245; x_wconf 80' lang='lat'>15,</span> <span class='ocrx_word' id='word_1_438' title='bbox 357 4191 378 4234; x_wconf 92' lang='grc'>1.</span> <span class='ocrx_word' id='word_1_439' title='bbox 405 4226 435 4233; x_wconf 82' lang='grc'><strong>-</strong></span> <span class='ocrx_word' id='word_1_440' title='bbox 462 4183 599 4244; x_wconf 76' lang='lat' dir='ltr'>andrachle,</span> <span class='ocrx_word' id='word_1_441' title='bbox 615 4186 652 4234; x_wconf 86' lang='lat' dir='ltr'>ita</span> <span class='ocrx_word' id='word_1_442' title='bbox 667 4200 715 4234; x_wconf 90' lang='lat' dir='ltr'>nos</span> <span class='ocrx_word' id='word_1_443' title='bbox 732 4187 883 4248; x_wconf 83' lang='lat' dir='ltr'>scripsimus.</span> <span class='ocrx_word' id='word_1_444' title='bbox 909 4182 1096 4244; x_wconf 83' lang='lat' dir='ltr'>andracle,Dd.</span> <span class='ocrx_word' id='word_1_445' title='bbox 1123 4185 1228 4249; x_wconf 71' lang='lat' dir='ltr'>adrach,</span> <span class='ocrx_word' id='word_1_446' title='bbox 1241 4204 1264 4238; x_wconf 80' lang='lat' dir='ltr'>a.</span> 
     </span>
    </p>
   </div>
   <div class='ocr_carea' id='block_1_4' title="bbox 149 4244 1174 4418">
    <p class='ocr_par' dir='ltr' id='par_1_4' title="bbox 149 4244 1174 4418">
     <span class='ocr_line' id='line_1_44' title="bbox 149 4244 1174 4314; baseline 0.001 -14"><span class='ocrx_word' id='word_1_447' title='bbox 149 4249 278 4312; x_wconf 70' lang='lat' dir='ltr'>adraniae,</span> <span class='ocrx_word' id='word_1_448' title='bbox 288 4252 392 4302; x_wconf 80' lang='lat' dir='ltr'>Barbar.</span> <span class='ocrx_word' id='word_1_449' title='bbox 403 4247 455 4314; x_wconf 80' lang='grc' dir='ltr'>βγ.</span> <span class='ocrx_word' id='word_1_450' title='bbox 471 4252 505 4302; x_wconf 87' lang='lat' dir='ltr'>V.</span> <span class='ocrx_word' id='word_1_451' title='bbox 517 4254 551 4302; x_wconf 86' lang='lat' dir='ltr'>ad</span> <span class='ocrx_word' id='word_1_452' title='bbox 564 4257 603 4312; x_wconf 81' lang='lat' dir='ltr'>la,</span> <span class='ocrx_word' id='word_1_453' title='bbox 618 4257 675 4300; x_wconf 78' lang='lat'>12⁰.</span> <span class='ocrx_word' id='word_1_454' title='bbox 695 4291 725 4300; x_wconf 86' lang='lat'>..</span> <span class='ocrx_word' id='word_1_455' title='bbox 743 4250 848 4314; x_wconf 74' lang='lat' dir='ltr'>Ahbqaa&#39;,</span> <span class='ocrx_word' id='word_1_456' title='bbox 860 4244 908 4301; x_wconf 71' lang='lat' dir='ltr'>Oa</span> <span class='ocrx_word' id='word_1_457' title='bbox 925 4249 1049 4314; x_wconf 77' lang='lat' dir='ltr'>Alioquin,</span> <span class='ocrx_word' id='word_1_458' title='bbox 1061 4247 1111 4314; x_wconf 81' lang='grc' dir='ltr'>ᾶβ.</span> <span class='ocrx_word' id='word_1_459' title='bbox 1170 4262 1174 4271; x_wconf 87' lang='grc'><em>·</em></span> 
     </span>
     <span class='ocr_line' id='line_1_45' title="bbox 402 4374 414 4418; baseline 0 0"><span class='ocrx_word' id='word_1_460' title='bbox 402 4374 414 4418; x_wconf 79' lang='lat' dir='ltr'>l</span> 
     </span>
    </p>
   </div>
   <div class='ocr_carea' id='block_1_5' title="bbox 0 0 1466 4792">
    <p class='ocr_par' dir='ltr' id='par_1_5' title="bbox 0 0 1466 4792">
     <span class='ocr_line' id='line_1_46' title="bbox 0 0 1466 4792; baseline 0 0"><span class='ocrx_word' id='word_1_461' title='bbox 0 0 1466 4792; x_wconf 95' lang='lat' dir='ltr'> </span> 
     </span>
    </p>
   </div>
  </div>
 </body>
</html>
