2896 4792
145 255 187 337 84
391 264 393 269 ·
496 267 701 323 uramus
723 267 920 317 moronus

145 419 265 487 semine
287 431 438 486 seruntur
457 417 560 506 Mago
580 419 614 483 in
634 419 772 486 nucibus
793 442 950 506 operosus
971 432 1036 499 est3
1064 420 1271 505 amygdalam

143 523 177 587 in
204 521 320 610 argilla
346 521 433 587 molli
461 521 626 586 meridiem
654 532 819 606 spectante
847 522 909 587 seri
931 522 1036 601 iubet3
1066 521 1211 608 gaudere
1237 534 1272 589 et

145 625 227 689 dura
248 623 415 707 calidaque
436 633 532 700 terra,
558 623 594 687 in
620 622 737 710 pingui
757 635 815 688 aut
836 624 946 689 umida
967 625 1048 688 mori
1068 634 1124 688 aut
1145 624 1271 690 sterile-

145 749 254 804 scere;
278 725 432 790 serendas
446 746 544 808 quam
564 747 714 791 maxume
735 725 870 790 falcatas
893 736 924 793 et
945 749 963 792 e
984 727 1111 791 novella
1131 725 1272 810 fimoque

143 828 246 893 diluto
267 838 445 892 maceratas
467 849 525 912 per
546 826 688 893 triduum
709 838 768 892 aut
787 828 892 914 pridie
913 850 1011 912 quam
1025 839 1172 892 serantur
1186 849 1273 911 aqua

143 928 265 1007 mulsa3
287 951 438 995 mucrone
461 927 570 1014 defigi,
594 927 696 994 aciem
717 929 828 994 lateris
850 929 883 994 in
906 930 1087 1013 aquilonem
1108 940 1271 1014 spectum

145 1040 251 1094 ternas
273 1028 369 1095 simul
391 1029 545 1094 serendas
571 1028 733 1117 triangula
757 1031 891 1109 ratione,
918 1032 1024 1116 palmo
1052 1031 1137 1094 inter
1162 1052 1196 1094 se
1218 1027 1270 1095 di·

146 1131 278 1209 stantis3
301 1130 394 1196 denis
416 1129 530 1196 diebus
545 1131 698 1215 adaquari
720 1131 823 1198 donec
836 1133 1060 1219 grandescant.
1092 1129 1317 1217 Iuglandesee

143 1255 245 1297 nuces
265 1241 432 1318 porrectae
455 1242 606 1297 seruntur
627 1232 829 1298 conmissura
852 1232 1043 1310 iacentibus,
1071 1232 1186 1317 pineae
1207 1256 1272 1298 nu-

145 1333 224 1400 cleis
246 1333 388 1420 septenis
409 1333 477 1399 fere
498 1333 533 1397 in
554 1333 633 1398 ollas
655 1334 834 1418 perforatas
860 1333 989 1411 additis,
1017 1342 1075 1398 aut
1099 1343 1136 1396 ut
1160 1333 1271 1399 laurus

143 1457 227 1521 quae
248 1435 337 1501 bacis
352 1434 480 1503 seritur.
503 1433 614 1499 Oitrea
630 1457 732 1522 grano
753 1446 786 1500 et
807 1435 997 1522 propagine,
1021 1433 1115 1500 sorba
1137 1434 1271 1517 semine,

145 1548 178 1603 et
200 1536 349 1603 aradios
371 1536 481 1623 planta
503 1546 536 1600 et
556 1536 719 1602 avolsione
740 1536 952 1623 proveniunt,
982 1535 1039 1601 sed
1060 1536 1114 1602 illa
1135 1535 1170 1602 in
1192 1536 1272 1603 cali·

144 1639 206 1717 dis,
230 1639 325 1706 sorba
344 1638 380 1703 in
400 1637 530 1726 frigidis
550 1648 583 1703 et
603 1637 732 1702 umidis.

189 1743 241 1807 12.
267 1739 393 1808 Natura
415 1751 448 1804 et
468 1738 629 1825 plantaria
655 1738 887 1804 demonstravit
913 1739 1086 1804 multarum
1106 1738 1272 1806 radicibus
1285 1754 1317 1799 os

144 1842 322 1928 pullulante
345 1839 456 1906 subole
478 1839 579 1903 densa
600 1849 632 1904 et
653 1839 798 1924 pariente
819 1849 932 1918 matre,
960 1861 1042 1923 quas
1062 1851 1172 1918 necet3
1201 1840 1272 1907 eins

146 1942 269 2029 qnippe
289 1939 405 2007 runbre
425 1939 520 2006 turba
540 1940 670 2026 ingesta
689 1940 857 2026 premitur,
884 1951 921 2006 ut
942 1940 975 2004 in
996 1941 1106 2018 lauris,
1133 1941 1272 2026 punicis,

146 2044 295 2130 platanis,
319 2043 450 2121 cerasis,
472 2042 593 2128 prunis.
615 2041 799 2108 Paucorum
819 2042 854 2107 in
875 2042 937 2108 hoc
958 2064 1077 2130 genere
1098 2043 1180 2107 rami
1193 2065 1271 2129 por-

147 2156 225 2210 cunt
245 2145 362 2224 suboli,
383 2155 420 2209 ut
440 2144 598 2209 ulmorum
618 2143 878 2228 palmarumqne3
901 2144 997 2210 nullis
1011 2166 1087 2209 vero
1103 2145 1183 2209 tales
1196 2144 1283 2229 pul-¹
1331 2220 1334 2225 ¹

146 2243 204 2309 luli
224 2246 420 2330 proveniunt
440 2245 504 2309 nisi
524 2267 662 2329 quarum
682 2245 807 2309 radices
829 2267 937 2312 amore
960 2244 1036 2310 solis
1051 2254 1145 2328 atque
1158 2243 1273 2311 imbris

146 2344 181 2411 in
202 2368 327 2411 summa
348 2346 460 2412 tellure
483 2345 669 2431 spatiantur.
691 2342 811 2411 Omnia
832 2368 871 2410 ea
892 2369 956 2411 non
979 2346 1087 2411 statim
1108 2346 1207 2411 moris
1221 2355 1318 2413 estes

146 2444 182 2511 in
204 2468 263 2510 sua
283 2446 381 2521 locari
404 2447 461 2511 sed
483 2447 573 2532 prius
593 2445 713 2511 nutrici
734 2447 804 2511 dari
823 2456 920 2530 atque
933 2446 968 2511 in
989 2446 1168 2512 seminariis
1189 2447 1272 2511 adu.

147 2549 270 2614 lescere
289 2547 471 2633 iterumque
498 2549 654 2636 migrare,
686 2547 743 2632 qui
765 2548 921 2639 transitus
948 2549 1065 2614 mirum
1084 2548 1119 2613 in
1140 2549 1272 2614 modum

146 2649 272 2736 mitigat
300 2649 396 2715 etiam
422 2648 591 2728 silvestris,
619 2649 687 2714 sive
715 2647 869 2715 arborum
895 2672 1022 2734 quoque
1050 2661 1087 2714 ut
1106 2650 1273 2716 hominum

147 2761 263 2817 natura
282 2750 434 2816 novitatis
454 2773 492 2816 ac
512 2748 782 2837 peregrinationis
796 2749 891 2815 avida
904 2762 964 2829 est,
988 2751 1055 2816 sive
1070 2751 1272 2816 discedentes

147 2851 237 2919 virus
257 2851 417 2917 relincunt
437 2863 730 2937 mansuescuntque
751 2861 891 2916 tractatu
917 2841 1093 2928 centenae,
1120 2851 1198 2917 dum
1216 2874 1271 2916 ra·
1330 2932 1333 2937 Ι

149 2952 213 3020 dici
235 2952 384 3020 avellitur
404 2953 524 3038 planta.

183 3190 252 3252 966.
277 3191 379 3256 Μαρηο,
392 3194 437 3244 ad.
459 3234 490 3244 ..
518 3191 679 3261 umpydulm,
692 3194 716 3242 d.
742 3191 881 3259 amygdalo,
898 3209 914 3241 a
930 3190 1015 3255 (codd.
1028 3189 1099 3255 cel.)
1114 3187 1165 3255 βγ.
1190 3230 1222 3241 ..
1248 3199 1272 3239 et

150 3256 220 3325 duro,
232 3262 248 3309 d
261 3257 348 3322 (codd.
361 3259 433 3324 Gal.)
451 3259 553 3323 cidara,
566 3278 589 3311 a.
607 3277 637 3309 ea
648 3258 719 3322 dura,
730 3277 750 3310 r.
769 3301 800 3310 ..
819 3268 863 3309 aut
873 3258 978 3322 lemida,
990 3262 1036 3310 ad.
1055 3268 1078 3308 et
1088 3255 1193 3318 lemida,
1204 3275 1225 3308 r.
1238 3298 1270 3308 -

149 3334 192 3375 aut
203 3326 285 3389 steril,
300 3320 378 3378 dra.
397 3344 426 3377 oc
437 3327 520 3389 steril,
533 3324 606 3393 ᾱβγ.
625 3368 657 3378 ..
675 3343 750 3390 muso,
762 3344 785 3377 a.
805 3368 837 3379 ...
856 3326 980 3393 mapali,
992 3345 1012 3378 r.
1031 3369 1063 3377 -
1083 3325 1187 3391 palmos,
1199 3326 1245 3376 ad

183 3422 251 3484 664.
278 3420 472 3482 commacerare
490 3419 656 3482 commercaris,
668 3416 742 3484 dssr.
760 3461 793 3470 ..
810 3421 940 3482 wascono,
951 3421 996 3470 ad.
1013 3428 1036 3469 et
1047 3417 1176 3468 viviradice
1183 3416 1272 3482 plante

149 3487 279 3550 averrione,
290 3489 380 3539 Delec.
404 3528 435 3538 ..
458 3489 530 3537 sorbo
541 3487 574 3549 in,
585 3489 660 3540 Tad.
686 3487 759 3537 corle
769 3494 792 3537 ot
803 3489 836 3550 ia,
847 3483 898 3552 βγ.

183 3582 252 3645 565.
280 3578 445 3642 mannent,
458 3596 481 3629 a.
499 3621 532 3629 ..
555 3577 641 3640 moltis,
652 3597 672 3630 r.
695 3620 726 3630 ..
747 3578 914 3645 pululante,a.
940 3580 1013 3630 Haec
1023 3580 1163 3628 maximam
1173 3586 1271 3640 partem

149 3650 399 3712 desumptasuntex
409 3648 508 3712 Vergil.
521 3661 608 3711 georg.
621 3654 645 3708 6,
661 3650 691 3698 17
704 3661 774 3711 seqq.
793 3688 825 3697 ..
851 3645 912 3710 pllio,
925 3662 948 3696 a
971 3686 1003 3695 -
1028 3652 1100 3706 necet,
1116 3647 1160 3695 ad.
1186 3652 1271 3706 enecet,

148 3709 200 3780 βγ.
220 3756 251 3764 -
273 3715 372 3780 inpeatq
385 3732 424 3765 er.
447 3713 572 3781 indipesto,
585 3710 657 3780 ἀβγ.
680 3712 765 3778 s'odiya
775 3715 817 3764 vel
829 3711 938 3779 indigene
949 3719 1024 3774 outa,
1035 3712 1103 3763 Pint.
1123 3752 1154 3759 -
1175 3710 1271 3775 pulluli,

150 3783 204 3832 Td.
218 3781 306 3847 pinati,
319 3799 342 3833 a.
356 3781 428 3847 pulli,
439 3782 472 3833 K.

184 3877 253 3939 566.
278 3890 332 3937 aaa,
344 3891 368 3926 a.
385 3891 435 3936 eno,
448 3876 501 3929 Td.
519 3917 551 3926 ..
571 3872 653 3936 oeae,
664 3872 696 3925 Τ.
714 3872 849 3936 iocati,ad.
865 3912 898 3923 ..
915 3869 1020 3933 mauu,
1033 3887 1057 3920 a.
1070 3911 1101 3921 ..
1120 3869 1272 3935 amedeum,

150 3940 393 4059 adpellerendentee,
409 3944 455 3994 D¹.
487 3941 661 4004 descendentes,
679 3941 727 3993 D2.
755 3980 787 3991 ...
813 3946 978 3989 memorant
997 3955 1050 4000 ceu,
1070 3939 1115 3989 cd.
1144 3980 1175 3990 ..
1202 3937 1271 3988 radi·

147 4024 189 4069 cat,
223 4019 268 4061 rnt.

61 4108 65 4113 '
172 4103 252 4177 ⁸567.
278 4100 420 4164 similaed.
437 4101 514 4152 amite
524 4109 620 4162 nemra,
633 4095 730 4164 βγ.-
747 4105 774 4146 ot
784 4113 843 4161 enm,
856 4100 899 4149 ed.
917 4106 940 4147 et
951 4115 1010 4162 wm,
1023 4103 1095 4150 codd.
1109 4099 1165 4151 Gal.
1177 4095 1270 4163 βγ.-

146 4181 232 4231 prona,
243 4169 277 4220 K.
295 4210 327 4222 ..
344 4186 394 4233 sue,
406 4187 429 4221 a.
448 4210 480 4221 ...
497 4168 619 4232 ansam
630 4168 676 4218 ad.
696 4204 728 4217 ...
737 4165 1009 4230 fibroto,00nstuntin.
1022 4168 1197 4233 adTheophr.
1209 4167 1270 4218 hist.
