2896 4792
353 300 422 349 nm.
439 301 527 350 nvn.
557 301 724 349 11111111.
739 282 800 350 riv.
829 301 927 350 secr.
944 303 975 346 11.
989 304 1021 347 as.
1206 288 1245 350 97

125 454 298 522 bifidorum
313 453 469 520 viminum
490 453 640 532 fascibus,
662 454 773 542 lingua
795 453 916 519 bubula
930 509 969 517 ..
993 453 1112 520 herbae
1134 455 1168 520 id
1189 477 1247 544 ge-

126 578 191 623 nus
216 565 267 622 est
299 609 338 618 -
372 554 506 640 insuper
533 554 643 642 optegi
670 553 761 618 iubet
790 576 923 638 eamque
951 554 1081 642 inligari
1103 566 1249 642 opertam

85 718 91 725 .
125 655 320 725 stramentis.
360 653 457 721 Nunc
490 653 619 720 abunde
651 653 846 719 arbitrantur
877 654 1003 739 paleato
1035 655 1102 720 luto
1134 656 1249 723 farcire

125 758 220 838 libro,
243 756 325 822 dnos
347 755 464 843 digitos
484 755 581 821 insito
604 765 760 821 exstante.
794 753 907 819 Verno
928 754 1098 823 inserentis
1120 768 1311 843 tempusue

92 910 95 915 ·
126 868 261 948 urguet,
294 856 504 923 incitantibus
527 879 561 921 se
583 855 718 942 gemmis
739 867 963 942 praeterquam
985 856 1017 920 in
1040 857 1125 936 olea,
1157 859 1250 925 cuius

125 959 310 1027 diutissime
347 957 430 1024 oculi
461 957 643 1044 parturiunt
674 957 914 1041 minumumque
948 957 1016 1023 suci
1055 957 1151 1024 habet
1190 959 1249 1026 sub

127 1060 247 1129 cortice
269 1059 325 1144 qui
345 1058 464 1124 nimius
485 1057 589 1122 insitis
610 1067 722 1136 necet;
744 1058 862 1144 punica
884 1080 960 1124 vero
983 1069 1015 1124 et
1035 1058 1132 1125 ficum
1153 1082 1254 1145 quae,

126 1184 192 1247 qne
213 1161 277 1227 alia
298 1160 384 1226 sicca
406 1169 481 1226 sunt
502 1158 711 1225 recrastinare
733 1158 874 1225 minume
888 1160 977 1227 utile.
999 1160 1111 1226 Pirum
1126 1161 1177 1228 vel
1191 1162 1250 1229 flo-
1266 1177 1312 1223 111

127 1273 253 1329 rentem
278 1261 419 1328 inserere
445 1260 520 1326 licet
547 1270 579 1327 et
600 1259 633 1324 in
655 1259 782 1324 Maium
804 1282 931 1344 quoque
953 1286 1097 1329 mensem
1117 1274 1249 1350 proten-

128 1362 206 1429 dere
218 1362 403 1449 insitiones.
425 1359 523 1443 Quod
545 1360 574 1426 si
593 1361 722 1448 longius
742 1360 928 1427 adferantur
943 1384 1112 1447 pomorum
1126 1365 1251 1445 calami,

127 1486 208 1553 rapo
229 1463 345 1529 infixos
368 1473 499 1548 optume
521 1461 683 1527 custodire
703 1484 817 1527 sucum
836 1462 1042 1542 arbitrantur,
1066 1466 1185 1530 servari
1198 1466 1251 1531 in-

129 1577 179 1633 ter
204 1565 286 1631 dnos
313 1563 464 1631 imbrices
489 1563 582 1628 iuxta
607 1562 694 1628 rivos
721 1562 773 1628 vel
799 1561 940 1649 piscinas
973 1564 1134 1650 utrimque
1167 1576 1253 1632 terra

129 1667 329 1745 obstructos,
362 1664 460 1731 XV.
473 1664 588 1730 vitium
609 1663 741 1730 veroin
765 1664 931 1730 scrobibus
957 1665 1051 1732 siccis
1076 1678 1252 1758 stramento

129 1778 261 1857 opertos
281 1791 320 1833 ac
341 1766 457 1833 deinde
479 1775 564 1830 terra
585 1765 730 1844 obrutos,
753 1776 790 1830 ut
812 1766 976 1834 cacumine
998 1779 1135 1834 exstent.

172 1869 225 1935 25.
249 1864 333 1934 Cato
355 1868 454 1934 vitem
469 1866 573 1933 tribus
588 1866 692 1933 modis
706 1866 830 1933 inserit.
852 1866 1058 1934 Praesectam
1070 1869 1150 1935 findi
1164 1870 1253 1937 iubet
1268 1887 1315 1932 115

130 1990 191 2056 per
211 1967 395 2047 medullam,
418 1968 452 2032 in
475 1990 546 2033 eam
562 1967 706 2032 surculos
722 1977 884 2048 executor,
906 1981 942 2034 ut
957 1969 1077 2036 dictum
1092 1982 1151 2051 est,
1166 1973 1252 2051 addi,

130 2071 287 2137 medullas
307 2070 400 2156 iungi
407 2095 416 2149 3
445 2069 563 2148 altero,
587 2069 614 2134 si
635 2069 720 2134 inter
741 2093 776 2135 se
798 2069 882 2136 vites
905 2071 1108 2159 contingant,
1132 2073 1251 2140 utrius·

131 2194 195 2261 qne
215 2173 251 2239 in
272 2171 412 2238 oblicum
432 2172 532 2238 latere
554 2170 712 2236 contrario
727 2171 842 2237 adraso
856 2171 976 2238 iunctis
989 2173 1137 2240 medullis
1152 2175 1252 2240 conli-

131 2273 211 2362 gari.
241 2272 388 2339 Tertium
409 2294 513 2359 genus
535 2283 584 2337 est
605 2271 765 2338 terebrare
786 2274 884 2338 vitem
905 2272 939 2337 in
961 2273 1099 2339 oblicum
1120 2274 1162 2340 ad
1184 2299 1251 2341 me-

133 2374 254 2440 dullem
275 2373 478 2457 calamosque
499 2373 619 2438 addere
633 2374 750 2460 longos
765 2374 863 2459 pedes
877 2373 971 2439 binos
986 2384 1081 2458 atque
1103 2376 1148 2440 ite
1168 2377 1251 2463 liga-

134 2487 203 2541 tum
212 2475 345 2540 insitum
359 2473 533 2557 intritaque
549 2474 674 2539 inlitum
692 2466 818 2559 operire
836 2485 930 2553 terre,
942 2475 1073 2541 calamis
1085 2476 1251 2542 subrectis.

132 2576 254 2642 Nostra
274 2586 364 2641 aetas
384 2574 532 2652 correxit,
555 2583 589 2639 ut
605 2571 731 2639 Gallica
746 2585 888 2639 uteretur
903 2575 1031 2640 terebra
1051 2581 1134 2660 qnae
1155 2597 1251 2641 exce·
1266 2592 1314 2636 rie

131 2688 186 2744 vet
207 2698 269 2743 nec
288 2677 364 2754 urit,
387 2675 538 2760 quoniam
560 2673 687 2739 adustio
708 2675 813 2741 omnis
834 2675 975 2753 hebetat,
997 2687 1095 2760 atque
1109 2686 1146 2741 ut
1159 2698 1250 2763 gem-

133 2800 277 2847 mascere
298 2777 458 2863 incipiens
479 2779 605 2864 legatur
626 2775 768 2842 calamus
794 2799 854 2843 nec
881 2777 954 2862 plus
981 2799 1078 2861 quam
1104 2775 1190 2842 binis
1210 2776 1252 2842 ab

132 2989 222 3040 mesre
231 2987 291 3038 libre
299 2989 340 3038 vel
349 2986 447 3051 paleato
459 2985 506 3037 leto
516 2987 607 3036 sarcire
618 2986 703 3037 libram
714 3004 734 3038 s.
753 2984 833 3048 libros,
843 3002 900 3038 cum
910 3003 986 3039 nemo
998 2988 1073 3039 facilc
1083 2988 1181 3047 dixerit,
1191 2987 1252 3051 quid

132 3059 165 3108 sit
174 3056 266 3106 sarcire
280 3054 381 3106 lenm?
405 3056 491 3105 Etiam
505 3057 574 3105 hunc
585 3057 673 3105 locum
685 3057 778 3105 lacuna
791 3055 918 3112 foedavit:
934 3065 960 3107 et
974 3058 994 3107 si
1012 3057 1158 3121 respicimus
1175 3056 1252 3105 verbe

134 3125 293 3176 columellae
305 3127 336 3174 de
347 3125 401 3174 arb.
414 3129 454 3182 26,
468 3129 500 3183 5.,
512 3138 620 3187 qaorum
632 3124 698 3174 Plin.
710 3123 736 3173 11.
750 3124 767 3172 1.
780 3125 903 3173 rationem
914 3124 1015 3175 hebuit:
1039 3122 1095 3174 Cam
1110 3140 1187 3172 omnes
1199 3140 1252 3171 ser·

131 3190 203 3252 mas,
224 3208 281 3255 ques
296 3191 370 3240 arbor
383 3190 497 3255 patietur,
518 3188 645 3250 demiseris,
667 3189 726 3240 libre
746 3188 806 3238 elmi
819 3189 857 3239 uel
871 3191 956 3240 vimine
972 3192 1080 3240 arborem
1098 3189 1252 3256 amarante,-

128 3267 214 3323 pestea
225 3257 325 3323 'paleato
343 3258 390 3307 luto
407 3259 462 3307 bene
477 3259 575 3312 subacto
590 3256 687 3306 oblinito
704 3265 775 3306 tetam
788 3256 888 3322 plepem
905 3259 1052 3322 erepentium,
1073 3257 1137 3321 quod
1147 3266 1182 3306 eet
1192 3259 1254 3308 inter

132 3324 244 3388 carnales,
256 3342 373 3389 sequere,
389 3334 415 3374 et
427 3323 516 3375 duobus
527 3323 609 3389 dipitis
621 3324 693 3373 insita
704 3332 801 3386 exstem,
818 3327 931 3376 Plinium
942 3327 979 3376 ita
990 3326 1042 3376 fere
1054 3327 1183 3389 scripsisse
1195 3341 1252 3390 pro·

132 3395 215 3445 babile
227 3392 378 3456 estzsarcire
388 3392 509 3457 plepem
522 3401 550 3440 et
561 3391 676 3441 vincire
692 3391 759 3442 libre.
786 3393 915 3443 Librarius
932 3395 1013 3444 oculis
1029 3395 1061 3444 ab
1077 3394 1253 3444 terminatione

133 3463 208 3512 nnius
219 3463 336 3512 infinitivi
348 3464 380 3513 ad
392 3462 500 3511 alterum
513 3462 648 3520 abenavit3
661 3475 714 3509 non
726 3460 879 3524 refregabor‚
892 3461 914 3510 si
926 3462 982 3524 quis
993 3476 1039 3525 pro
1051 3460 1139 3510 vmcire
1149 3462 1253 3511 verbum

133 3527 282 3645 adaop'apere
293 3531 398 3580 mavult.
427 3527 549 3579 Vmcelum
566 3529 593 3577 in
604 3529 722 3578 insitione
734 3530 973 3592 commemoretur§
989 3534 1044 3578 109.
1060 3534 1114 3580 116.
1141 3568 1168 3576 -
1196 3526 1253 3577 insi-

134 3604 176 3658 tor,
216 3598 262 3648 ad.

168 3667 253 3729 §na
280 3662 357 3726 babet,
370 3667 414 3715 ad.
432 3663 523 3724 tabent,
535 3658 586 3726 βγ.
605 3702 636 3710 -
652 3660 750 3724 parma,
762 3664 807 3712 ad.
821 3661 941 3725 premam,
953 3657 982 3723 β.
1002 3703 1033 3712 ..
1056 3679 1169 3726 quaeqae,
1180 3663 1252 3712 Brot.

135 3746 169 3782 ex
180 3732 312 3796 Theophr.
325 3732 527 3794 decausplant.
540 3729 561 3778 1.
575 3736 598 3791 6,
611 3736 634 3780 8.
652 3745 776 3792 quemque,
788 3731 833 3779 ad.
860 3745 1012 3793 quemquem,
1022 3726 1052 3792 β,
1071 3773 1102 3780 ..
1122 3728 1174 3778 elie
1189 3727 1254 3777 sicca

134 3807 195 3860 sant,
207 3803 252 3850 ad.
270 3798 334 3848 alies
345 3799 409 3847 sicce
420 3799 474 3859 siet,
486 3792 514 3858 β.
534 3838 564 3845 -
580 3796 768 3861 procrastinare,
780 3797 868 3847 Delec.

169 3865 184 3927 ξ
198 3874 254 3917 114.
281 3866 409 3927 insitionem
425 3858 475 3914 Oa.
493 3864 631 3925 insitionem,
645 3860 716 3928 ᾱβγ.
735 3905 767 3913 -
785 3863 866 3927 imisve,
879 3868 923 3915 ad.
941 3906 972 3915 ...
991 3864 1085 3913 servari
1095 3871 1172 3912 eutem
1184 3862 1253 3923 inter,

133 3935 223 3984 Delec.
242 3976 273 3984 -
293 3932 385 3993 111111.
406 3973 437 3982 ..
455 3939 553 3992 exstent,
564 3933 660 3982 Duker.
674 3934 705 3981 ad
716 3931 771 3981 Liv.
785 3939 826 3992 42,
839 3938 862 3982 2.
885 3931 991 3992 11111111,
1001 3947 1023 3980 a.
1047 3930 1168 3988 exobtant,
1182 3924 1252 3994 dstr.

168 4003 254 4064 5115.
287 3998 346 4050 cae
359 4002 501 4050 deremet.
513 4006 553 4051 tl.
573 4041 604 4049 -
623 3996 1079 4062 αάιΙί;ρ1ο11.1.1)1111,11ᾰὶ11311.
1098 4038 1128 4046 ..
1148 3996 1218 4057 iunci,
1230 4015 1253 4049 a.

135 4108 167 4117 ..
185 4067 299 4128 alterari,
312 4071 335 4118 d.
353 4065 448 4127 alteror,
461 4084 483 4116 a.
503 4107 533 4116 ..
551 4083 584 4127 re,
597 4084 620 4117 a.
638 4061 779 4131 eeeedssr.
800 4106 831 4116 -
849 4065 949 4126 adrosa,
962 4068 1005 4115 ed.
1019 4105 1050 4114 ...
1069 4071 1253 4125 11101111.-

135 4134 215 4196 bimos,
228 4150 250 4184 a.
269 4177 300 4185 -
319 4134 438 4195 subrecta,
451 4136 522 4185 Tad.
540 4134 646 4193 subrecti,
657 4129 687 4195 β.

168 4205 183 4267 ξ
197 4208 253 4253 116.
279 4209 406 4262 uterentur,
417 4202 508 4252 Dalec.
530 4241 555 4248 -
577 4217 631 4263 que,
643 4214 665 4250 a.
684 4239 715 4250 ..
734 4198 856 4267 incipiens,
868 4217 881 4248 a
895 4199 981 4262 (codd.
994 4196 1065 4260 Gcl.)
1083 4196 1172 4263 incipit,
1184 4203 1207 4251 d.
1223 4241 1253 4250 ..

134 4267 236 4333 lepemr,
251 4271 326 4320 codd.
344 4268 401 4320 Gal.
430 4267 526 4333 lipemr,
543 4269 589 4317 ed.

167 4337 244 4387 Pane.
261 4336 311 4386 m
1033 4333 1051 4394 7
