2896 4792
458 128 467 137 '⁴
497 130 503 157 l

376 280 446 325 ma.
464 277 567 324 xvru.
596 276 674 324 car.
690 277 818 324 xxvur.
844 276 941 325 sacr.
957 279 989 321 aa
1192 261 1254 323 207

129 432 224 511 cidit,
252 450 299 495 m.
328 429 403 494 idus
423 428 511 516 Aug.
537 428 667 495 fidicula
688 451 803 494 occasu
827 449 885 494 suo
906 437 1095 493 autumnum
1115 428 1254 508 inchoat,

130 534 179 599 uti
199 533 229 598 is
243 531 388 608 adnotat,
412 528 470 596 sed
488 552 566 596 vera
586 528 668 595 ratio
688 530 722 594 id
744 530 813 594 fieri
833 529 955 595 invenit
969 551 1014 592 ιι.
1030 529 1102 594 idus
1116 530 1256 595 easdem.

70 683 74 692 .
132 635 172 700 In
194 631 255 704 hoc
277 633 430 717 temporis
452 631 619 697 intervallo
647 653 700 696 res
729 650 853 696 summa
874 629 990 694 vitium
1011 631 1118 716 agitur
1143 632 1255 698 decre·
1269 648 1319 695 ara

132 736 214 802 torio
243 735 317 800 uvis
342 734 449 799 sidere
479 733 533 798 illo
558 732 645 816 quod
679 731 857 797 caniculam
886 731 1136 817 appellavimus,
1169 734 1256 800 unde

130 837 363 903 carbunculare
390 834 541 899 dicuntur
566 844 603 897 ut
625 833 764 916 quodam
786 831 930 898 uredinis
952 832 1090 898 carbone
1113 845 1256 900 exustae.

130 936 203 1003 Nou
232 946 448 1022 conparantur
473 932 550 1000 huic
575 936 660 999 malo
687 934 880 1022 grandines,
914 933 1074 1018 procellae
1111 955 1257 1019 quaeque

130 1060 282 1123 umquam
304 1058 452 1102 annonae
472 1036 610 1102 intulere
631 1037 807 1101 caritatem.
845 1035 1010 1122 Agrorum
1032 1035 1153 1120 quippe
1174 1037 1258 1102 mala

133 1140 299 1217 cantilla,
329 1138 544 1213 carbunculus
570 1147 679 1202 autem
702 1137 871 1224 regionum
892 1137 957 1201 late
978 1137 1172 1222 patentium,
1195 1160 1259 1203 non

133 1240 256 1307 difficili
289 1240 447 1316 remedio,
483 1239 547 1304 nisi
578 1238 765 1303 calumniari
798 1249 946 1302 naturam
978 1260 1086 1302 rerum
1114 1239 1259 1306 homines

131 1364 229 1428 quam
252 1339 314 1406 sibi
336 1341 488 1427 prodesse
503 1340 644 1405 mallent.
665 1340 790 1405 Ferunt
804 1339 1042 1418 Democritum,
1065 1338 1120 1423 qui
1134 1340 1322 1425 primaeuus

133 1441 292 1508 intellexit
313 1441 516 1525 ostenditque
539 1441 617 1506 caeli
640 1461 714 1505 cum
736 1440 829 1505 terris
852 1440 1050 1518 societatem,
1076 1442 1259 1526 spernenti-

133 1542 196 1608 bus
222 1543 305 1608 hanc
332 1564 442 1608 curam
469 1541 539 1608 eius
568 1541 819 1626 opulentissimis
847 1541 988 1618 civibus,
1022 1541 1171 1627 praevisa
1198 1541 1260 1608 olei

135 1645 268 1711 caritate
308 1667 349 1710 ex
382 1646 491 1709 futuro
523 1642 730 1730 vergiliarum
763 1653 836 1707 ortu
869 1665 933 1727 qua
965 1642 1105 1707 ᾶὶιάιιιιιε
1137 1645 1260 1710 ratione

134 1745 405 1830 ostendemusque
424 1747 490 1810 iam
504 1745 649 1832 planius,
671 1766 789 1831 magna
802 1755 871 1808 tum
886 1744 1007 1809 vilitate
1021 1752 1154 1829 propter
1169 1764 1260 1828 spem

136 1847 239 1913 olivae
268 1846 422 1912 coemisse
451 1847 485 1910 in
512 1856 579 1911 toto
600 1856 703 1910 tractu
725 1867 819 1910 omne
841 1845 963 1922 oleum,
992 1845 1184 1910 mirantibus
1204 1844 1261 1929 qui

135 1959 359 2034 paupertatem
386 1948 590 2032 quietemque
618 1947 836 2011 doctrinarum
864 1947 894 2011 ei
921 1945 1063 2012 sciebant
1088 1946 1123 2011 in
1148 1946 1261 2032 primis

135 2050 225 2116 cordi
253 2071 340 2124 esse;
377 2059 474 2132 atque
506 2057 544 2113 ut
570 2047 721 2134 adparuit
747 2069 845 2113 causa
870 2058 904 2111 et
931 2046 1048 2133 ingens
1076 2047 1261 2113 divitiarum
1274 2061 1324 2109 2⁷4
1398 2108 1408 2115 .

137 2136 266 2229 cursus,
299 2149 478 2215 restituisse
504 2149 686 2218 mercedem
714 2148 828 2213 anxiae
858 2159 891 2214 ct
919 2147 1033 2214 avidae
1059 2148 1261 2215 dominorum

137 2252 372 2338 paenitentiae,
407 2260 591 2316 contentum
618 2250 664 2314 ita
692 2248 878 2335 probavisse
907 2272 987 2336 opes
1015 2249 1077 2316 sibi
1104 2251 1139 2316 in
1165 2251 1261 2331 facili,

138 2376 212 2418 cum
233 2352 342 2429 vellet,
369 2351 449 2415 fore.
485 2349 559 2414 Hoc
580 2360 690 2435 postea
713 2346 845 2415 Sextius
871 2373 888 2415 e
910 2349 1065 2417 Romanis
1086 2352 1261 2439 sapientiae

172 2494 186 2555 §
199 2495 257 2542 271.
283 2486 516 2552 Aquilo-oecidd3
533 2489 748 2552 exsuperioribus
760 2490 930 2552 supplendum
942 2492 1017 2540 estid
1029 2492 1082 2541 fieri
1093 2490 1129 2542 X.
1141 2492 1192 2541 kal.
1204 2492 1260 2543 Au·

136 2568 225 2623 gustas
237 2556 311 2620 (coll.
321 2557 463 2607 calenduio
472 2555 571 2607 Claudii
580 2556 707 2612 Etruscil
719 2553 759 2617 1.).
774 2556 823 2605 nisi
834 2571 920 2606 sumas
931 2556 1009 2607 verba
1020 2574 1069 2621 qua
1080 2557 1118 2607 die
1128 2560 1259 2610 excidisse.

138 2667 170 2676 ..
188 2624 240 2674 III.
257 2623 457 2688 kal...emerpit,
479 2639 530 2672 om.
551 2623 631 2672 schol.
653 2622 772 2673 German.
793 2663 825 2671 ..
844 2623 951 2687 emerpit,
972 2626 1060 2677 Pater.
1077 2627 1175 2676 uranol.
1193 2632 1217 2687 2,
1235 2634 1259 2678 8.

136 2710 162 2758 p.
176 2699 217 2743 49.
230 2702 256 2742 ct
266 2693 410 2742 Pontedera
422 2691 548 2754 antiquitt.
560 2707 585 2754 p.
598 2692 656 2740 377.
682 2689 884 2754 iamerqd‚Tad.
910 2690 1055 2755 iuuerqitar,
1072 2689 1101 2753 β.
1128 2692 1162 2742 V.
1175 2694 1259 2744 colem

98 2794 102 2802 ·
137 2763 235 2812 darium
248 2760 351 2811 Claudii
363 2756 441 2809 Tusci
453 2761 470 2808 l.
483 2759 500 2808 l.
512 2774 538 2822 p.
551 2764 618 2819 234,
635 2758 680 2807 ubi
691 2754 708 2804 1
713 2757 741 2808 V.
754 2755 871 2806 kalendas
882 2758 980 2808 dicitur.
1005 2799 1035 2808 ..
1053 2758 1104 2809 Ill.
1121 2759 1175 2808 idus
1186 2759 1259 2826 Aua,

139 2830 221 2879 schol.
234 2828 353 2880 German.
371 2825 422 2875 ΙΙΙ.
436 2825 497 2888 idua,
509 2822 602 2889 adssr.
616 2866 647 2875 -
659 2824 696 2874 ati
703 2824 731 2885 is,
742 2827 765 2875 d.
784 2825 825 2886 uti,
838 2841 861 2874 a.
879 2833 929 2886 cut,
941 2827 1020 2876 schol.
1032 2825 1154 2879 German.
1168 2868 1199 2877 -
1217 2827 1261 2878 aed

138 2912 203 2958 vera,
215 2897 256 2947 Tr
267 2894 362 2958 (schol.
375 2890 508 2957 German.)
525 2902 552 2943 at
562 2891 605 2942 sed
616 2909 681 2954 vac,
695 2894 718 2942 d.
736 2891 780 2942 aed
791 2899 817 2941 ut
825 2909 889 2953 uera,
898 2888 969 2957 assr·
983 2936 1014 2943 -
1029 2893 1111 2958 pridie
1120 2893 1180 2956 idas,
1190 2897 1260 2946 Pon·

138 2967 224 3015 tedere
234 2965 362 3028 antiquitt
374 2978 399 3026 p.
412 2965 470 3013 360.
483 2964 541 3013 ast.
559 3002 591 3012 ..
610 2959 711 3023 suadeor,
724 2961 798 3011 Ted.
816 2959 927 3023 σιίιιᾶσιιι,
938 2957 967 3023 β.
986 2963 1072 3013 Verba
1082 2971 1147 3012 reato
1159 2962 1193 3015 id.
1206 2979 1259 3013 ear·

141 3030 192 3080 dem
205 3047 256 3081 om.
268 3033 347 3082 schol.
361 3032 479 3082 German.

173 3100 257 3163 §272
284 3097 465 3162 appellavimus,
478 3096 522 3148 ad.
549 3110 666 3159 uocemue,
677 3112 697 3146 r.
720 3098 754 3147 V.
767 3099 782 3162 ξ
795 3102 852 3148 268.
876 3139 907 3147 ..
935 3097 1208 3160 carbunculan'‚Dalec.
1227 3140 1258 3150 ..

138 3164 243 3230 quadam
255 3166 365 3215 carbonis
376 3163 480 3226 uredine,
492 3165 580 3215 Dalec.
604 3204 635 3214 ..
662 3172 828 3227 conparentur,
841 3167 894 3215 Td.
918 3206 949 3214 ...
977 3181 1018 3214 uec
1030 3182 1143 3230 quaeque,
1155 3185 1175 3228 r,
1192 3170 1260 3231 quod

38 3268 41 3273 -
138 3234 246 3284 fortasse
258 3233 449 3298 praeferendum
462 3233 521 3282 coll.
534 3233 567 3281 ad
580 3236 621 3292 35,
636 3236 691 3281 159.
715 3272 746 3281 -
774 3248 891 3295 amquam,
904 3233 953 3283 Tr.
975 3249 1110 3296 numquam,
1123 3236 1160 3284 ad
1171 3233 1259 3297 (codd.

141 3299 211 3362 Gal.)
223 3296 274 3365 βγ.
292 3342 323 3351 -
343 3296 484 3359 οῖαήειιίειιι,
497 3301 521 3348 d.
540 3339 571 3347 ..
590 3296 694 3360 difficile,
707 3300 731 3348 d.
750 3297 856 3362 dffcile,
867 3315 891 3350 a.

173 3368 259 3429 §ata
285 3367 347 3418 caeli
356 3384 408 3416 cum
421 3366 499 3427 terris,
511 3368 556 3416 ad
577 3382 628 3414 cam
641 3365 709 3415 terne
720 3365 789 3427 caeli,
800 3363 850 3430 βγ.
876 3407 906 3416 ..
929 3366 1025 3428 ciuibus,
1037 3384 1059 3418 a.
1080 3368 1173 3432 civium,
1186 3365 1259 3436 dssy,

140 3477 172 3486 ..
186 3437 293 3499 proviae,
305 3453 328 3486 a.
342 3476 373 3485 -
392 3433 510 3495 claritate,
522 3451 545 3483 a.
559 3449 644 3497 praev.
657 3431 704 3481 clei
713 3433 876 3495 ecritsaturo
891 3434 1096 3498 excupidfflint.
1115 3437 1259 3490 Ouicome.

139 3513 224 3554 cturae
236 3512 265 3554 ut
276 3519 352 3553 nemo
364 3506 472 3562 accedet,
485 3504 521 3552 ita
533 3509 629 3552 camum
646 3508 683 3551 est
694 3500 814 3562 Plinium,
830 3502 868 3551 uti
883 3501 961 3565 vulgo
972 3504 1073 3567 legitur,
1089 3507 1196 3556 scribere
1207 3520 1259 3556 non

138 3573 259 3635 potuisse.
282 3571 419 3633 Quomodo
436 3572 504 3620 enim
521 3569 612 3632 aliquis
625 3583 658 3618 ex
665 3567 755 3630 saturo
772 3568 877 3619 alicuius
889 3570 976 3621 sideris
988 3579 1045 3622 ortu
1057 3573 1168 3623 divinare
1179 3575 1260 3638 possit

138 3647 323 3702 tempestatem,
338 3639 383 3687 vix
398 3638 534 3701 intelligas.
557 3638 620 3686 Vox
627 3636 717 3700 ficturo
732 3643 777 3686 aut
788 3645 827 3687 est
837 3645 955 3701 corrupta
967 3645 992 3701 et
1002 3654 1049 3704 pro
1066 3655 1096 3690 ea
1107 3642 1259 3692 adiectivum

139 3707 243 3770 aliquod
259 3708 440 3770 reponendum,
458 3708 526 3769 quod
540 3705 678 3755 infaustum
693 3705 767 3754 illum
785 3713 868 3754 ortum
885 3705 1017 3768 significat,
1034 3716 1079 3758 aut
1095 3722 1128 3758 ex
1143 3708 1259 3758 Wueste·

32 3766 47 3817 ἰ
139 3775 226 3824 manni
244 3776 389 3824 coniectura
403 3769 540 3836 legendum
556 3788 585 3821 ex
593 3773 683 3836 firmo
694 3779 810 3835 proventu
825 3787 888 3836 verq.
900 3780 953 3820 ortu
968 3775 984 3824 i.
998 3790 1020 3824 e.
1033 3790 1092 3824 eum
1107 3775 1260 3839 praevidisse

138 3856 184 3906 per
195 3842 357 3905 vergiliarum
369 3848 453 3891 crtum
465 3841 596 3890 mursam
609 3840 660 3889 olei
672 3855 705 3889 ex
719 3838 806 3890 futuro
818 3841 835 3888 i.
848 3855 870 3889 c.
882 3840 926 3904 qui
937 3843 1078 3907 exspectari
1093 3850 1193 3906 poterat
1208 3842 1264 3893 olel·

138 3918 273 3973 proventu,
285 3910 343 3959 coll.
358 3913 397 3971 17,
410 3913 451 3958 93.
464 3946 496 3957 -
508 3905 612 3956 dicimus
624 3907 639 3968 ἓ
652 3914 709 3958 251.
723 3948 754 3957 ..
769 3905 875 3971 planias,
887 3907 961 3959 Tad.
975 3908 1078 3973 plenius,
1090 3905 1142 3974 βγ.
1153 3950 1184 3958 ..
1198 3916 1259 3973 tvae,

138 3993 158 4026 r.
182 4018 214 4027 ..
241 3977 294 4040 qui3
306 3992 352 4042 pro
364 3977 390 4025 lr.
402 3992 425 4026 v.
438 3977 535 4025 habent
546 3991 591 4038 que
602 3977 648 4024 ad.
672 4016 703 4025 -
730 3974 881 4039 quietemque,
897 3977 971 4027 Tad.
998 3976 1137 4040 aequarem,
1152 3972 1203 4041 βγ.
1226 4018 1258 4029 .-

137 4043 234 4104 aciebut,
246 4061 269 4095 a.

175 4111 260 4172 5274.
287 4109 423 4171 mecedem,
435 4127 458 4160 a
475 4123 581 4172 mecam,
593 4110 645 4160 Td.
664 4150 696 4160 ..
715 4106 815 4172 cuidam
827 4111 946 4175 prolau
959 4109 1208 4164 habentaudiread.
1226 4153 1258 4165 .-

139 4186 300 4243 contemptum,
309 4181 332 4229 d.
343 4218 374 4228 ..
386 4176 422 4226 ite
431 4176 582 4240 probavisse3
593 4193 640 4242 pro
651 4179 691 4229 his
703 4193 743 4228 vv.
754 4178 851 4229 habent
863 4177 1022 4240 aproeavose
1030 4183 1075 4230 ad.
1093 4178 1129 4229 ιω
1137 4183 1259 4253 probasse,

138 4241 189 4311 βγ.
209 4286 240 4297 ..
259 4246 407 4306 Smaraa.
425 4243 518 4304 Series,
532 4244 556 4293 d.
893 4278 895 4282 ψ
