2896 4792
184 270 247 339 332
537 283 743 333 utrumuis
763 282 959 332 nssroamu

185 436 384 527 gemmisque
405 434 593 502 inoculator.
629 434 682 500 De
707 435 780 520 ipsa
805 433 948 525 regionis
970 434 1040 500 eius
1060 432 1139 501 hora
1159 453 1307 520 praemo-
1321 450 1372 499 ssa

184 540 294 605 nuisse
316 536 497 603 conveniat.
529 536 692 601 Frondem
713 535 820 601 medio
842 535 894 601 dic
916 534 1083 600 arborator
1104 558 1144 600 ne
1166 535 1306 612 caedit03

186 663 260 708 cum
280 638 445 704 meridiem
467 638 580 703 adesse
604 636 723 702 senties
743 645 870 722 pastor,
904 645 1023 702 aestate
1045 637 1251 702 contrahente
1273 659 1308 701 se

185 740 309 819 umbra,
330 736 488 826 pecudem
510 760 527 803 e
550 736 672 803 soloin
693 758 794 823 opaca
808 736 925 823 cogito.
949 734 1033 802 Cum
1048 747 1168 802 aestate
1182 759 1308 823 pasees,

185 844 218 911 iu
240 841 437 908 occidentem
459 849 569 924 specta
590 848 664 904 ante
686 837 862 915 meridiem,
884 848 958 922 post
971 838 1138 903 meridiem
1152 838 1186 902 in
1201 839 1307 904 orien-

186 952 267 1019 tcm3
298 940 390 1005 aliter
410 940 558 1018 noxium,
586 938 670 1004 sicut
695 937 800 1003 hieme
823 948 854 1002 et
875 960 950 1004 vere
971 938 1005 1001 in
1027 938 1224 1005 rorulentum
1246 940 1307 1004 du-

185 1064 268 1108 cere.
300 1039 372 1106 Nec
393 1050 502 1105 contra
525 1039 773 1125 septentrionem
794 1038 940 1122 paveris,
962 1061 1060 1124 supra
1082 1039 1218 1114 dictum3
1242 1038 1308 1103 clo·

186 1143 266 1209 dunt
286 1143 332 1207 ita
351 1141 532 1227 lippiuntve
553 1139 594 1206 ab
615 1137 734 1204 adflatu
762 1149 793 1205 ct
814 1140 886 1204 alvo
908 1140 972 1204 cita
992 1150 1138 1225 pereunt.
1173 1138 1240 1219 Qui
1260 1139 1308 1203 fe-

185 1244 289 1308 minas
310 1241 434 1327 concipi
456 1241 544 1306 voles
566 1240 599 1304 in
620 1239 707 1305 bunc
728 1250 860 1305 ventum
882 1241 1057 1326 spectantis
1075 1241 1150 1306 iniri
1172 1242 1286 1329 cogito.

227 1342 399 1409 XXXIV.
424 1341 474 1406 77.
495 1339 649 1405 Diximus
671 1351 707 1403 ut
728 1340 762 1405 in
782 1342 889 1407 media
907 1341 986 1406 linia
1000 1342 1223 1430 designaretur
1237 1364 1308 1406 um·
1321 1360 1369 1404 331

111 1446 115 1453 “
185 1443 311 1510 bilicus.
347 1443 412 1508 Per
432 1441 518 1506 bunc
539 1440 681 1506 medium
704 1452 887 1507 transversa
907 1452 1016 1507 currat
1037 1442 1116 1520 alia3
1146 1442 1225 1508 baec
1247 1443 1309 1507 erit

185 1544 227 1611 ab
247 1553 360 1611 exortu
381 1541 603 1626 aequinoctiali
626 1541 667 1606 ad
688 1563 837 1606 occasum
862 1542 1141 1626 aequinoctialem,
1165 1554 1197 1608 et
1217 1544 1308 1608 limes

186 1645 241 1730 qui
255 1647 299 1710 ita
314 1643 435 1711 secabit
448 1665 562 1728 agrum
584 1642 780 1707 decumanus
805 1642 981 1708 vocabitur.
1003 1643 1174 1709 Ducantur
1192 1644 1308 1709 deinde

185 1748 266 1813 aliae
288 1745 372 1811 duae
393 1745 487 1809 liniae
508 1743 542 1806 in
570 1743 717 1808 decussis
746 1741 895 1827 obliquae
917 1744 963 1809 ita
983 1755 1021 1808 ut
1042 1765 1062 1808 a
1083 1745 1311 1830 septentrionis

186 1847 301 1913 dextra
325 1846 479 1927 laevaque
508 1844 549 1909 ad
576 1844 677 1908 austri
706 1844 854 1909 dextram
887 1866 925 1909 ac
950 1845 1075 1910 laevam
1102 1845 1309 1910 descendant.

187 1945 312 2012 Omnes
332 1968 390 2032 per
413 1945 551 2011 eundem
573 1957 703 2010 currant
723 1944 929 2024 umbilicum,
957 1968 1068 2011 omnes
1090 1945 1174 2012 inter
1194 1969 1229 2011 se
1250 1969 1309 2031 pa·
1322 1961 1371 2006 333

186 2069 240 2115 ros
262 2046 335 2124 sint,
357 2045 499 2111 omnium
520 2045 689 2112 intervalla
710 2046 810 2132 paria.
835 2045 928 2126 Quae
949 2047 1029 2111 ratio
1053 2048 1151 2112 semel
1171 2047 1204 2110 in
1227 2068 1308 2129 quo-

187 2169 250 2231 que
270 2168 349 2233 agro
371 2146 510 2212 incunda
531 2147 592 2211 erit
613 2148 680 2224 vel,
705 2147 732 2211 si
755 2147 885 2230 saepius
906 2146 1004 2212 libeat
1025 2147 1089 2224 uti,
1111 2169 1129 2212 c
1151 2148 1238 2234 ligno
1258 2147 1308 2212 fa-

188 2247 311 2325 cienda,
333 2248 454 2335 regulis
474 2246 607 2334 paribus
626 2247 661 2312 in
681 2258 869 2333 tympanum
883 2249 1038 2334 exiguum
1052 2247 1108 2312 sed
1124 2244 1309 2312 circinatum

187 2348 325 2424 adactis3
348 2348 469 2415 ratione
490 2370 554 2433 qua
574 2348 674 2414 doceo
695 2349 928 2414 occurrendum
948 2348 1087 2434 ingeniis
1108 2369 1237 2432 quoque
1258 2347 1308 2410 in-

188 2447 361 2535 peritorum
382 2460 440 2515 est.
462 2447 634 2514 Meridicm
654 2449 760 2514 excuti
779 2449 895 2535 placet,
918 2450 1068 2534 quoniam
1083 2471 1210 2535 semper
1224 2449 1308 2513 idem
1322 2465 1371 2509 333

189 2559 238 2615 est
245 2573 255 2625 ;
284 2549 332 2615 sol
357 2560 465 2616 autem
494 2550 611 2615 cotidie
639 2572 680 2615 ex
708 2549 770 2615 alio
795 2549 875 2615 caeli
901 2560 1061 2616 momento
1087 2572 1184 2633 quam
1204 2548 1309 2634 pridie

188 2650 304 2729 oritur,
333 2672 374 2716 ne
400 2650 473 2735 quis
497 2650 581 2716 forte
607 2650 650 2715 ad
676 2661 823 2717 exortum
851 2650 1039 2736 capiendam
1070 2660 1163 2736 putet
1187 2649 1308 2714 liniam.

189 2749 241 2815 Ita
262 2752 342 2816 caeli
363 2761 475 2818 exacta
494 2763 603 2837 parte,
632 2751 718 2835 quod
743 2750 840 2825 133313
863 2750 960 2815 liniae
983 2762 1080 2837 caput
1102 2749 1310 2836 septentrioni

191 2873 383 2936 proxumum
414 2875 434 2917 a
465 2862 557 2937 parte
588 2852 733 2919 exortiva
766 2852 965 2918 solstitialem
998 2851 1131 2918 habebit
1162 2863 1310 2917 exortum
1406 2843 1414 2851 “

190 2951 249 3018 hoc
270 2962 320 3018 cst
339 2953 517 3040 longissimi
537 2953 602 3019 diei
623 2964 816 3038 ventumque
835 2953 1016 3038 aquilonem
1036 2955 1154 3020 borean
1175 2951 1310 3020 Graecis

1356 616 1372 665 t

224 3160 309 3224 5330.
327 3159 491 3221 3333331333.
512 3160 638 3223 3333εηί31,
650 3156 722 3228 ᾶβγ.
741 3202 772 3211 ..
790 3159 908 3226 medias
931 3161 1017 3225 media,
1029 3160 1102 3229 ᾱβγ.
1120 3203 1151 3213 -
1176 3159 1309 3221 33333333.

193 3265 223 3275 -
241 3233 361 3285 mutarn,
374 3242 397 3277 a.
417 3268 449 3278 -
471 3228 564 3290 amba,
576 3230 621 3279 ad.
643 3227 803 3292 3333333133,
816 3231 848 3291 Τ,
865 3232 935 3295 quod
950 3232 1042 3295 probat
1053 3231 1172 3283 Schneid.
1184 3228 1218 3279 ud
1230 3227 1309 3279 Colu-

191 3293 260 3343 mell.
277 3294 339 3343 VH.
352 3301 376 3355 3,
389 3302 430 3346 34.
450 3335 481 3345 -
505 3294 624 3360 pecudem,
641 3313 664 3346 a.
687 3294 867 3361 pecudes,'1'd.
890 3297 988 3362 pecude,
1003 3300 1037 3350 D.
1056 3337 1087 3348 -
1114 3295 1197 3357 33313,
1214 3297 1251 3345 ita
1262 3309 1310 3344 nos

192 3361 346 3425 scripsimus.
371 3360 427 3425 sole,
438 3364 493 3414 Da.
518 3361 601 3425 33313,
614 3359 688 3430 ᾶβγ.
702 3363 759 3416 Om.
771 3366 803 3416 Τ.
822 3405 854 3414 ..
880 3373 1006 3430 marcata,
1019 3380 1042 3415 a.
1067 3362 1309 3428 spectentcatc,Td.

193 3467 225 3476 -
243 3427 337 3490 3333313,
349 3444 373 3479 a.
392 3470 423 3479 -
446 3428 471 3479 a'n
484 3428 635 3491 manum,
650 3446 690 3481 ar.
715 3429 740 3480 si
749 3431 774 3480 ia
785 3430 935 3494 rorulentam,
950 3429 1001 3497 βγ.
1027 3431 1051 3480 εἰ
1060 3429 1221 3489 iaroralente,
1234 3433 1257 3477 d.
1278 3468 1309 3478 -

192 3490 284 3556 dacae,
295 3512 315 3546 r.
342 3494 479 3558 ducaretd.
506 3494 616 3557 directa.
639 3496 743 3559 dacaes,
757 3494 808 3566 βγ.
827 3539 859 3549 -
882 3498 998 3562 Neaad.
1021 3497 1122 3561 Narr.
1142 3537 1172 3544 -
1195 3494 1309 3558 aspros-

192 3557 286 3623 dr'otam,
297 3563 376 3613 Haud.
398 3564 475 3625 „Quo
487 3565 555 3613 enim
570 3564 630 3614 loco
645 3565 672 3614 id
689 3574 748 3616 autc
764 3568 863 3628 dixerit,
880 3582 932 3617 non
945 3564 1078 3616 occardo!
1095 3604 1127 3613 -
1151 3557 1262 3623 abdunt,
1274 3563 1309 3612 D.

191 3625 325 3692 3133133333,
338 3631 362 3679 d
386 3628 540 3690 3131333333.
564 3631 867 3698 Vulgatamscriptursm
877 3635 966 3684 Dalsc
979 3633 1102 3696 explicat:
1125 3630 1309 3694 ,333133333-

191 3695 241 3747 rire
256 3697 409 3760 nequeunt’,
426 3699 506 3747 Hasd.
522 3699 586 3748 tales
601 3701 713 3762 pecudes
728 3702 765 3752 ait
780 3702 868 3751 oculos
884 3701 1009 3760 claudere,
1026 3706 1055 3748 ut
1066 3698 1109 3762 qui
1122 3697 1260 3747 nictatione
1271 3699 1309 3748 ls-

190 3763 290 3814 borent.
308 3764 420 3815 Gronov.
433 3767 466 3814 ad
477 3766 532 3815 Lis.
545 3766 634 3817 XXII.
646 3772 687 3828 33,
701 3775 724 3818 3.
748 3765 840 3817 eludare
849 3769 917 3818 idem
928 3781 983 3816 ssss
995 3767 1065 3829 qnod
1080 3763 1217 3814 claudicare
1228 3772 1308 3828 putat,

192 3831 233 3880 cui
253 3833 392 3882 sententiae
412 3830 553 3896 refragatur
571 3835 697 3897 particula
716 3851 755 3896 vs,
776 3836 844 3885 clare
862 3834 958 3883 scilicet
977 3834 1071 3883 docens
1087 3834 1162 3883 stiam
1183 3833 1310 3896 inpriore
1328 3847 1338 3855 ··

192 3900 270 3948 verbo
286 3902 317 3949 ds
334 3899 415 3949 oculis
431 3901 480 3962 agi.
494 3899 612 3950 Schneid.
627 3903 660 3950 ad
673 3901 808 3952 Columell.
820 3900 882 3951 VII.
895 3907 919 3960 3,
932 3907 972 3950 25.
990 3901 1043 3949 vitii
1056 3902 1152 3964 aliquid
1164 3901 1242 3949 latare
1255 3901 1310 3963 opi·

192 3974 275 4026 natur,
292 3966 333 4016 cui
348 3966 463 4029 opinioni
479 3981 526 4030 ego
542 3968 579 4017 its
593 3968 697 4029 accedo,
712 3976 742 4018 ut
756 3967 864 4019 fortasse
879 3965 1002 4016 cluduntur
1013 3983 1046 4018 ex
1057 3970 1082 4018 D
1101 3967 1158 4031 (qui
1169 3983 1215 4032 per
1226 3970 1282 4017 cod.
1295 3983 1311 4016 a

193 4029 366 4095 confirmatur)
382 4033 415 4082 sit
429 4032 574 4096 legandum,
591 4049 643 4099 qua
652 4049 717 4084 voce
729 4036 828 4086 rusticis
839 4035 942 4099 propria
954 4037 1058 4087 morbus
1070 4036 1161 4099 aliquis
1173 4036 1311 4099 pecudibus

193 4100 310 4163 proprius
326 4099 488 4162 significatur.
507 4141 539 4150 -
558 4099 702 4166 lippiamtve,
717 4117 740 4151 a.
766 4103 852 4155 Multa
866 4103 909 4151 hic
924 4105 1068 4167 transponit
1081 4104 1150 4154 Pint.
1169 4144 1200 4152 ..
1224 4117 1310 4161 maras,

192 4165 260 4216 Pint.
272 4175 298 4217 et
309 4166 428 4218 Schneid.
440 4169 473 4217 ud
485 4166 622 4218 Columell.
634 4167 694 4218 VH.
707 4172 731 4230 3,
747 4175 785 4219 12.
797 4170 856 4220 coll.
868 4168 883 4230 ξ
896 4176 953 4221 336.

226 4234 311 4297 3331.
329 4232 538 4295 Βὶτί33333337.
558 4275 589 4286 ..
606 4233 658 4285 utic
670 4233 852 4299 1313ςή3333.
871 4278 901 4288 ..
921 4236 1056 4300 decumano,
1068 4239 1092 4289 d.
1111 4278 1141 4288 ..
1161 4237 1185 4286 ia
1197 4235 1310 4296 decussas,
