2896 4792
374 295 446 341 uus.
461 294 550 341 xvu.
579 293 657 341 cnr.
673 294 723 340 x1.
738 293 801 340 xn.
830 290 928 338 snor.
945 293 1025 336 ren.
1219 276 1258 338 91

137 570 214 628 cus,
243 547 326 612 ilicis
347 546 634 634 ponderosissima,
662 546 784 612 nullum
806 544 963 630 cupressi,
986 543 1099 609 umbra
1119 544 1262 609 minuma

138 661 171 715 ot
191 649 226 713 iu
248 671 283 714 se
305 649 491 726 convoluta;
526 648 661 713 ficorum
685 647 766 713 levis
794 646 941 731 quamvis
968 667 1095 732 sparsa,
1122 644 1262 730 ideoque

138 749 225 815 inter
250 749 363 815 uncas
391 749 454 814 seri
481 771 546 813 nou
567 759 726 814 vetentur.
763 747 935 813 Ulmorum
955 746 1052 826 leuis,
1083 747 1179 812 etiam
1199 770 1261 812 nu·
1275 764 1309 810 eo

139 851 259 930 triens,
289 872 491 936 quacumque
518 860 650 936 opacat3
684 850 796 915 Attico
825 848 905 914 haec
933 870 1062 932 quoque
1090 834 1263 912 videture

139 950 349 1040 gravissimis,
370 972 441 1017 neo·
453 950 582 1029 dubito,
611 951 638 1016 si
661 951 847 1016 emittantur
867 951 901 1015 iu
922 971 1045 1027 ramos3
1074 949 1263 1015 constrictae
1305 968 1308 973 ·

138 1053 271 1139 quidem
296 1053 382 1118 illius
403 1053 533 1119 noxiam
554 1075 712 1118 essenon
734 1051 880 1117 arbitror.
913 1050 1060 1116 Iucunda
1081 1061 1112 1115 et
1132 1049 1262 1138 platani,

141 1176 333 1239 quamquam
355 1176 482 1230 crassa3
505 1154 579 1219 licet
601 1152 739 1242 gramini
762 1152 892 1218 credere
914 1175 979 1217 non
1001 1152 1071 1230 soli,
1093 1151 1179 1216 haud
1199 1150 1264 1215 alia

140 1255 258 1321 laetius
279 1255 443 1341 operiente
465 1267 561 1320 toros.
597 1254 724 1340 Populo
746 1254 834 1319 nulla
855 1253 1039 1319 ludentibus
1062 1253 1162 1333 foliis,
1190 1254 1263 1340 piu-

142 1357 216 1443 guis
244 1356 317 1421 aluo
346 1355 405 1422 sed
426 1377 563 1441 pascens
585 1366 664 1421 sota.
701 1354 788 1420 Vitis
810 1354 872 1420 sibi
895 1354 1028 1431 sufficit,
1055 1354 1164 1420 mobili
1186 1353 1264 1418 folio
1277 1369 1307 1416 ar

141 1455 325 1540 iactatuque
347 1455 461 1523 crebro
484 1456 583 1522 solem
604 1455 718 1520 umbra
739 1465 932 1541 temperans,
955 1456 1067 1521 eodem
1081 1456 1174 1543 gravi
1187 1476 1263 1541 pro·

142 1570 258 1646 tegens
282 1557 317 1622 iu
342 1555 455 1622 imbre.
492 1555 648 1623 Omnium
667 1556 734 1623 iere
754 1557 835 1623 levis
856 1557 987 1635 umbra,
1013 1578 1150 1641 quorum
1171 1556 1264 1642 pedi·

142 1656 208 1723 culi
228 1656 327 1746 longi.
363 1656 438 1724 Non
466 1659 659 1724 fastidienda
680 1659 759 1724 haec
779 1681 907 1744 quoque
930 1659 1063 1724 scientia
1083 1669 1179 1744 atque
1200 1680 1265 1723 uon

142 1759 176 1823 in
202 1758 324 1825 ultimis
349 1761 509 1846 ponenda,
538 1761 667 1845 quaudo
689 1762 767 1827 satis
789 1759 971 1846 quibusque
992 1761 1107 1826 umbra
1127 1770 1185 1826 aut
1204 1782 1266 1824 uu·

143 1861 208 1926 trix
229 1872 287 1927 aut
305 1883 447 1928 noverca
468 1873 532 1939 est3
554 1862 755 1951 iuglandium
778 1863 907 1947 quidem
930 1862 1142 1948 pinorumque
1163 1872 1195 1928 et
1214 1861 1265 1947 pi·

144 1985 275 2029 cearum
295 1973 328 2029 et
349 1963 463 2030 abietis
485 1986 706 2049 quaecumque
725 1964 885 2052 attingere
907 1986 971 2029 non
986 1964 1083 2030 dubie
1097 1984 1265 2031 venenum.

189 2065 239 2128 19.
270 2061 420 2130 Stillicidi
441 2065 550 2131 brevis
572 2065 716 2131 definitio
738 2075 795 2131 est.
828 2063 994 2143 Omnium,
1017 2087 1100 2150 quae
1121 2063 1267 2151 proiectu
1280 2077 1313 2123 ⁹2

144 2163 268 2229 frondis
295 2165 342 2230 ita
367 2165 585 2233 defenduntur
610 2179 648 2232 ut
673 2189 732 2252 per
759 2166 847 2253 ipsas
875 2189 940 2232 uon
968 2166 1109 2231 defluant
1136 2163 1267 2240 imbres,

145 2265 229 2331 stilla
249 2288 346 2332 saeva
368 2277 433 2345 est3
457 2290 536 2355 ergo
558 2269 742 2354 plurumum
763 2268 909 2334 intererit
928 2267 989 2334 bac
1003 2269 1037 2332 in
1049 2266 1268 2352 inquisitione,

145 2378 241 2444 terro,
262 2366 296 2431 iu
311 2388 376 2451 qua
391 2390 544 2448 seremus,
565 2370 773 2454 inquantum
795 2369 926 2435 arbores
948 2391 1090 2453 quasque
1104 2369 1176 2433 alat.
1197 2364 1269 2433 Iam

145 2488 206 2552 per
225 2489 260 2533 se
283 2468 381 2534 colles
402 2469 526 2534 minora
547 2481 705 2555 quaerunt
726 2470 907 2546 intervalla3
930 2469 1073 2536 ventosis
1094 2470 1174 2535 locis
1195 2492 1267 2534 cre·

145 2567 269 2635 briores
292 2571 354 2635 seri
376 2571 536 2636 conducit.
565 2569 649 2638 Olea.
663 2582 769 2635 tamen
785 2592 936 2635 maxumo
950 2571 1128 2647 intervallo,
1150 2571 1190 2634 de
1203 2591 1269 2654 qua
1281 2582 1314 2628 ⁹³

145 2665 282 2736 Catonis
302 2669 416 2735 Italica
437 2673 595 2738 sententio
616 2683 665 2737 est
686 2672 719 2736 in
740 2694 811 2735 xxv
833 2670 970 2758 pedibus
984 2672 1171 2749 minumum,
1193 2672 1267 2757 plu-

144 2792 272 2835 rumum
297 2793 371 2836 xxx
400 2773 481 2849 seri;
515 2774 572 2839 sed
601 2773 661 2839 hoc
688 2773 832 2839 variatur
859 2774 1002 2839 locorum
1030 2782 1155 2836 natura.
1191 2770 1267 2838 Nou

145 2870 208 2935 ulia
228 2872 329 2938 maior
349 2872 385 2938 in
405 2872 540 2940 Baetica
560 2876 670 2952 arbor3
699 2876 733 2940 in
759 2873 874 2940 Africa
900 2895 977 2939 vero
998 2928 1038 2937 -
1060 2872 1141 2938 fides
1167 2894 1268 2959 penes

144 2983 293 3040 auctores
320 2975 383 3040 erit
403 3031 444 3040 ..
467 2976 619 3042 miliarias
645 2977 752 3043 vocari
781 2976 897 3041 multas
918 2985 1050 3040 narrant
1076 2997 1096 3039 a
1125 2974 1268 3062 pondere
1338 3054 1343 3064 Ι

144 3073 206 3140 olei
235 3076 323 3159 quod
349 3077 458 3142 ferant
484 3101 590 3144 annuo
617 3088 784 3166 proventu.
819 3076 899 3143 Ideo
925 3100 1016 3142 uxxv
1045 3076 1144 3163 pedes
1166 3075 1269 3163 Mago

179 3249 247 3311 989.
274 3247 461 3313 replaudens.
488 3250 608 3301 Ceterum
620 3251 765 3301 Schneider.
777 3253 810 3300 ad
822 3251 925 3301 Pollad.
938 3265 962 3314 p.
978 3255 1034 3300 195.
1051 3251 1121 3300 huuc
1132 3250 1219 3300 locum
1231 3251 1268 3300 vi-

145 3314 238 3365 tiosum
250 3323 330 3381 putat.
351 3358 381 3367 -
403 3317 523 3381 oramina,
540 3311 657 3368 OTndr.
683 3317 800 3383 permina,
811 3313 841 3379 β.
866 3360 897 3368 ..
921 3318 1040 3382 quonian,
1053 3333 1141 3368 omues
1154 3320 1226 3368 codd.
1238 3312 1269 3379 β.

144 3397 194 3444 qno
205 3381 262 3445 som,
273 3385 353 3435 Hard.
364 3399 390 3449 r.
416 3385 454 3435 At
466 3394 533 3435 certe
545 3387 620 3449 pluro
630 3386 657 3435 h.
669 3387 687 3435 l.
700 3387 856 3448 exciderunt,
873 3402 982 3451 quorum
992 3387 1057 3436 ratio
1069 3401 1115 3451 per
1125 3387 1196 3436 illam
1208 3401 1269 3436 cou-

144 3450 302 3501 iuuetionem
313 3453 432 3502 redditur.
456 3494 486 3502 -
511 3453 626 3516 proiecto,
638 3470 659 3503 r.
684 3495 714 3503 -
741 3462 832 3518 capent,
845 3472 867 3506 o.
891 3496 923 3504 ..
952 3451 1017 3516 bnis,
1033 3446 1078 3505 dr.
1098 3495 1130 3504 ..
1156 3461 1269 3515 aennon,

145 3518 222 3568 Tau.
241 3526 340 3579 vetatur,
352 3521 385 3570 K
403 3527 520 3579 estanar,
532 3515 584 3584 βγ.

179 3600 247 3662 590.
275 3601 340 3665 lanu,
353 3605 397 3654 ad.
417 3601 481 3664 heu,
493 3600 522 3666 β.
541 3644 573 3653 ..
591 3620 757 3667 quoecumque,
769 3605 802 3654 K.
821 3645 851 3654 ..
871 3601 986 3666 videntur,
1002 3597 1030 3654 θ.
1043 3646 1075 3655 -
1094 3603 1268 3664 distrr'ctoaK

145 3708 177 3718 ..
187 3667 260 3729 itlius,
269 3673 336 3723 Ka¹.
349 3669 427 3732 ullius,
434 3667 516 3736 ³²t3Y·
529 3670 630 3732 mollitio,
638 3674 661 3721 d.
674 3671 738 3734 ulmi,
746 3689 767 3721 r.
778 3713 809 3720 -
819 3688 911 3731 οναεεα,
921 3673 1003 3722 omitt.
1013 3672 1067 3723 Td.
1077 3713 1109 3722 ..
1118 3673 1237 3737 prominet,
1244 3688 1267 3722 s.

145 3776 177 3785 ...
190 3735 262 3797 lond,
275 3740 357 3789 omitt.
369 3741 414 3789 ad.
429 3781 460 3788 -
479 3737 538 3802 olio,
551 3757 574 3790 a.
592 3738 663 3798 olins,
675 3742 699 3790 d.
712 3781 743 3789 ..
763 3739 880 3803 operienti
890 3747 961 3800 torna
974 3757 996 3791 a.
1015 3738 1153 3803 operimenti
1163 3747 1234 3801 torus,
1244 3743 1268 3790 d.

179 3824 247 3886 §9L
270 3831 396 3888 protcpcns
407 3840 432 3872 se
443 3825 474 3873 ab
486 3824 568 3888 imbre,
579 3825 669 3875 Dulce.
689 3865 717 3873 ..
739 3823 834 3886 ultimis,
846 3826 870 3875 d.
887 3823 961 3874 ultum
974 3824 1002 3886 is,
1015 3842 1039 3875 a.
1052 3865 1083 3874 ...
1101 3822 1160 3872 soni
1172 3823 1268 3887 quibus·

145 3905 196 3952 qne,
210 3891 283 3941 Tad.
310 3890 440 3956 quibusque
451 3892 519 3955 satu,
530 3889 585 3959 βγ.Ι
601 3934 631 3943 ..
655 3890 802 3959 inplendum,
815 3909 853 3942 ar.
873 3935 903 3943 -
928 3908 1081 3957 quacumque,
1094 3894 1118 3942 d.
1141 3931 1172 3941 ,.
1195 3890 1268 3940 ottirs-

143 3972 206 4021 qm,
218 3974 243 4007 a.
261 3958 370 4022 ottiqerq
383 3956 454 4025 ᾱβγ.
474 4002 504 4010 -
524 3977 641 4021 venenam,
653 3965 697 4013 od.
716 3977 826 4010 venenum
839 3969 881 4022 est,
892 3957 945 4027 βγ.

178 4040 247 4101 592.
275 4041 450 4109 diffunduntur,
462 4046 495 4095 Κ.
514 4086 544 4095 ..
564 4045 750 4109 ipsom,Dalec.
770 4089 800 4098 ..
820 4047 852 4109 in,
865 4048 946 4097 omitt.
959 4047 1043 4108 adry.
1062 4085 1092 4093 -
1112 4042 1269 4106 inquisitione,

145 4111 209 4160 adr.
226 4112 367 4174 quaestione,
379 4108 408 4173 β.

178 4195 246 4257 593.
276 4192 373 4244 Cannu
385 4199 416 4246 de
427 4211 454 4245 re
465 4205 525 4246 rust
538 4202 561 4257 6,
577 4203 598 4246 1.
626 4192 1123 4260 eeterumproverbncn.1nt1>int
1150 4193 1269 4246 mustea

145 4261 254 4312 coniicit
274 4303 304 4312 -
324 4261 453 4324 minimum,
464 4279 513 4314 om.
525 4279 548 4313 n.
563 4302 594 4316 ..
614 4262 670 4323 olio,
683 4281 706 4313 a.
