2896 4792
427 285 497 333 nm.
514 287 579 333 xx.
604 284 682 332 car.
699 286 732 332 v.
748 285 796 333 vr.
825 284 922 333 sacr.
941 286 971 329 20.
988 285 1018 330 a.
1217 267 1280 333 301

163 438 294 525 spiritus
317 438 489 526 agitatione
505 449 646 502 ventrem
662 436 795 513 mollire,
817 435 1055 501 haemorroidas
1071 435 1188 521 pellere
1204 436 1280 503 sub·

162 539 246 604 ditas
267 560 327 625 pro
348 538 471 603 balanis
478 564 487 615 ;
512 560 624 603 sucum
646 560 720 604 oum
742 558 817 602 suco
840 537 968 603 feniculi
990 546 1102 601 contra
1123 536 1279 623 iucipien-

162 640 203 704 tis
220 639 405 724 hydropisis
426 639 505 704 mire
527 638 700 725 proficere,
729 639 805 704 item
828 648 940 704 contra
961 637 1095 724 anginas
1116 660 1189 704 cum
1210 649 1283 706 ruta

164 752 195 804 et
207 740 318 818 melle,
339 741 471 806 excitari
484 740 595 804 eadem
609 739 814 827 lethargicos.
837 739 955 818 Varro,
969 761 1051 823 quae
1068 739 1133 805 sale
1148 750 1180 806 et
1194 749 1283 806 aceto

163 841 250 926 pista
271 851 320 906 est
341 841 560 924 arefactaque,
583 838 767 906 vermiculis
789 862 853 904 non
874 841 1019 906 infestari
1041 852 1153 906 auctor
1175 850 1233 907 est.

207 938 268 1006 VI.
298 945 349 1007 21.
377 941 515 1007 Porrum
538 941 690 1007 sectivom
711 941 868 1027 profluvia
890 943 1059 1028 sanguinis
1086 941 1171 1008 sistit
1197 941 1283 1006 nari·
1298 959 1330 1002 44

163 1040 225 1106 bus
247 1043 383 1109 contrito
405 1065 442 1109 eo
463 1042 623 1128 opturatis
644 1043 696 1107 vel
716 1043 821 1130 gallae
841 1042 942 1108 mixto
966 1052 1022 1108 aut
1038 1053 1181 1120 mentae,
1207 1042 1284 1107 item

165 1166 205 1207 ex
236 1143 350 1209 abortu
378 1143 535 1228 profluvia
568 1153 645 1228 poto
679 1165 756 1208 suco
789 1165 862 1209 cum
890 1144 974 1210 lacte
1009 1142 1169 1220 mulieris;
1205 1143 1287 1209 tussi-

164 1244 262 1309 etiam
283 1245 385 1310 veteri
412 1255 445 1310 et
466 1245 604 1328 pectoris
633 1266 671 1309 ac
693 1245 854 1329 pulmonis
881 1245 969 1310 vitiis
991 1244 1146 1309 medetur.
1179 1242 1286 1309 Iulitis

165 1345 250 1410 foliis
269 1357 424 1410 sanantur
445 1345 514 1410 vari
535 1354 568 1410 et
582 1344 729 1410 ambusta
740 1355 773 1410 et
787 1344 1004 1429 epinyctides;
1027 1345 1073 1408 ita
1086 1356 1221 1410 vocatur
1234 1345 1285 1411 ul·

165 1468 233 1522 eus,
255 1467 338 1529 quae
360 1456 391 1511 et
415 1467 502 1530 syce,
524 1443 558 1508 in
580 1443 699 1530 angulo
721 1443 805 1509 oculi
827 1456 983 1530 perpetuo
1005 1466 1115 1510 umore
1135 1466 1284 1524 mauaus;

165 1545 296 1628 quidam
318 1546 430 1636 eodem
449 1545 577 1610 nomine
591 1544 754 1631 appellant
774 1545 907 1631 pusulas
927 1545 1057 1612 liventis
1079 1569 1118 1611 ac
1138 1545 1286 1612 noctibus

165 1646 388 1729 inquietantis3
404 1657 437 1711 et
451 1646 514 1711 alia
530 1645 639 1711 ulcera
652 1667 726 1710 oum
740 1646 834 1711 mello
845 1645 931 1724 trito,
948 1646 999 1712 val
1009 1646 1184 1727 bestiarum
1199 1669 1284 1713 mor-
1300 1666 1333 1710 ts

167 1769 222 1810 sus
231 1769 272 1810 ex
281 1757 382 1826 aceto,
395 1748 471 1812 item
479 1747 677 1832 serpentium
689 1746 887 1831 aliorumque
900 1758 1143 1827 venenatorum,
1161 1749 1287 1815 aurium

166 1868 243 1911 vero
264 1847 342 1911 vitia
363 1843 436 1913 c'um
457 1846 531 1913 selle
554 1847 685 1932 caprino
707 1848 760 1913 vel
779 1848 851 1933 pari
872 1871 1023 1914 mensura
1038 1848 1145 1927 mulsi,
1169 1848 1286 1915 strido·

166 1969 219 2011 res
241 1968 314 2011 oum
334 1947 417 2012 laete
438 1947 590 2025 mulieris,
613 1948 727 2033 capitis
749 1948 885 2028 dolores,
909 1950 937 2014 si
958 1950 992 2014 in
1014 1950 1101 2016 naris
1123 1950 1287 2031 fundatur,

167 2045 391 2114 dormiturisve
408 2047 443 2113 iu
464 2071 574 2114 aurem
596 2048 722 2115 duobus
745 2050 814 2115 suci
836 2050 1051 2128 coclearibus,
1087 2074 1153 2120 uno
1175 2051 1289 2118 mellis.

167 2144 274 2213 Sucus
289 2159 321 2213 et
332 2149 373 2214 ad
386 2150 583 2236 serpentium
596 2149 863 2236 scorpionumque
873 2152 973 2217 ictum
985 2150 1106 2218 bibitur
1117 2175 1190 2218 cum
1201 2174 1289 2219 mero
1300 2169 1334 2215 ts

168 2259 200 2311 et
221 2249 262 2312 ad
282 2249 464 2316 lumborum
484 2251 626 2317 dolorem
648 2272 721 2317 cum
736 2252 802 2317 vini
816 2252 945 2318 hemina
954 2263 1070 2338 potus3
1099 2254 1288 2340 sauguinem

169 2369 245 2411 vero
260 2351 500 2416 exsereantibus
522 2362 555 2415 et
576 2351 745 2437 phthisicis
766 2363 799 2417 et
820 2351 1088 2418 destillationibus
1108 2353 1214 2440 longis
1235 2353 1289 2419 vsl

170 2469 267 2513 sucus
288 2451 340 2515 vel
362 2473 402 2515 ex
423 2451 496 2535 ipsa
518 2450 609 2516 cibus
630 2451 779 2537 prodest,
809 2451 887 2516 item
908 2451 1020 2517 morbo
1041 2451 1133 2539 regio
1154 2453 1205 2519 vel
1226 2452 1288 2538 hy-

169 2547 309 2634 dropicis
326 2560 359 2615 et
374 2544 417 2614 ad
431 2550 556 2616 renium
569 2550 696 2616 dolores
712 2573 785 2616 cum
799 2551 920 2617 tisanae
935 2574 1012 2617 suco
1026 2551 1183 2617 acetabuli
1197 2576 1288 2620 meu·

169 2671 252 2714 sura.
286 2649 377 2716 Idem
403 2650 517 2717 modus
544 2672 618 2718 oum
638 2651 732 2717 melle
754 2651 865 2718 volvas
886 2663 1006 2739 purgat
1013 2679 1022 2731 3
1051 2664 1140 2719 estur
1160 2676 1237 2720 vero
1259 2666 1291 2722 et
1303 2672 1335 2720 47

169 2761 280 2816 contra
300 2751 474 2839 fungorum
495 2775 633 2832 venena,
666 2751 831 2838 inponitur
858 2764 890 2820 et
912 2754 1112 2834 volneribus,
1133 2778 1291 2826 ,venerem
1372 2738 1382 2759 ⁸

169 2851 321 2933 stimulat,
345 2854 429 2920 sitim
452 2855 553 2933 sedat,
574 2854 746 2921 ebrietates
767 2854 908 2934 discutit,
931 2855 989 2921 sed
1007 2857 1172 2922 oculorum
1190 2857 1291 2924 aciem

167 3024 247 3089 Plura
262 3027 340 3090 igitur
354 3031 430 3080 verba
446 3030 618 3080 interciderint
633 3042 736 3080 necesse
751 3035 803 3090 cst,
824 3030 915 3093 quibus
931 3043 963 3078 ea
977 3043 1017 3080 res
1032 3030 1196 3092 indicaretur,
1212 3046 1290 3095 quam

168 3093 221 3142 sale
233 3101 259 3144 et
270 3104 344 3148 aceto
356 3098 449 3160 piatam
461 3104 486 3147 at
498 3097 634 3147 arefactam
649 3098 792 3147 vermiculis
803 3112 856 3147 non
866 3096 980 3162 infestari
991 3098 1074 3148 Varro
1087 3099 1193 3149 dixerat.

202 3161 217 3223 ξ
230 3167 271 3211 44.
288 3163 392 3224 nantas,
405 3166 477 3214 codd.
490 3165 555 3224 Gal,
567 3164 664 3229 Appul.
686 3163 712 3212 in
723 3164 828 3225 mribus,
840 3160 932 3229 adstr.
951 3205 983 3214 ..
1001 3163 1113 3227 acheris,
1125 3165 1222 3230 Appul.
1239 3182 1290 3216 aaa·

169 3224 258 3287 lieram,
271 3225 363 3294 adstr.
382 3270 414 3280 -
436 3238 459 3278 et
467 3231 570 3294 pectoris
581 3247 619 3290 oc,
631 3247 648 3280 a
663 3229 786 3296 (Apan)
808 3239 830 3280 et
838 3231 941 3296 pectorr'a
952 3240 983 3293 et,
995 3235 1019 3283 d.
1045 3249 1075 3282 ac
1083 3233 1185 3296 parma
1196 3242 1226 3296 ct,
1238 3230 1290 3300 βγ.

169 3333 200 3342 ..
219 3293 292 3355 vitiis,
304 3295 401 3360 Appul.
420 3296 510 3359 vitiam,
522 3314 544 3348 a.
568 3297 636 3358 vitia,
648 3300 672 3349 d.
691 3339 723 3348 -
746 3297 808 3361 aad,
820 3301 856 3349 ita
866 3315 914 3350 uos
925 3300 1079 3364 scripsimus.
1102 3301 1181 3362 vana,
1192 3303 1290 3367 Appul.

168 3361 229 3420 sani,
241 3365 286 3412 ad.
305 3363 393 3415 Omitt.
405 3360 457 3429 βγ.
475 3405 507 3414 ..
529 3380 591 3428 quaa
602 3372 625 3414 at
635 3381 697 3429 syce,
713 3367 795 3416 omitt.
807 3383 820 3416 r
836 3363 959 3431 (Appul.)
984 3367 1043 3429 qaia
1052 3367 1130 3429 sicem
1143 3386 1166 3419 a.
1188 3369 1246 3433 qaia
1256 3371 1291 3420 aie

168 3434 209 3489 ast,
223 3431 246 3479 d.
266 3471 296 3480 -
317 3439 438 3494 perpetuo,
451 3434 488 3483 ad
500 3431 587 3495 (codd.
600 3433 666 3493 Gal,
681 3432 793 3497 Appul.)
814 3435 937 3497 perpetim,
948 3451 974 3495 r,
992 3437 1061 3498 quod
1077 3437 1187 3500 praefert
1202 3439 1291 3488 Hilde-

168 3497 255 3547 brand.
271 3501 305 3548 ad
315 3498 415 3563 Appul.
432 3501 462 3550 T.
476 3500 497 3549 1.
514 3516 540 3564 p.
553 3506 595 3551 86.
616 3499 655 3551 At
665 3515 690 3549 v.
701 3501 786 3551 Hand.
798 3502 907 3552 Turseli
920 3508 944 3565 4,
957 3508 1015 3552 465.
1034 3543 1066 3552 ..
1084 3519 1156 3565 more,
1168 3507 1192 3556 d.
1209 3544 1242 3556 ..
1260 3503 1291 3554 t·-

169 3563 249 3626 bentis,
259 3567 356 3631 Appul.
375 3607 408 3616 ..
425 3566 451 3616 in
462 3567 527 3630 qaib;
538 3584 550 3616 a
562 3567 643 3628 tantia
654 3566 753 3632 Appul.

200 3630 217 3707 β
229 3638 270 3682 45.
288 3633 433 3698 cumamque
444 3643 621 3697 emanaturam,
639 3634 733 3684 carim
746 3650 808 3696 vero,
819 3635 917 3700 Appul.
929 3652 955 3701 p.
968 3642 1026 3689 288.
1049 3637 1150 3688 aliorum
1162 3654 1224 3700 vero,
1238 3632 1290 3691 Od.

168 3695 277 3760 citarum,
290 3717 313 3751 a.
330 3701 433 3752 Aurium
445 3718 507 3764 vero,
518 3699 570 3767 βγ.
593 3703 625 3753 In
636 3704 780 3754 universum
796 3719 820 3752 v.
831 3704 951 3755 Dioscor.
968 3711 992 3766 2,
1006 3710 1063 3759 178.
1081 3747 1113 3756 -
1136 3721 1201 3768 aare,
1214 3708 1239 3756 d.
1251 3740 1289 3758 e..

168 3778 257 3826 amen,
269 3782 292 3817 a.
310 3784 376 3829 aare,
389 3771 413 3818 d.
431 3786 508 3832 aurea,
520 3772 618 3834 Appul.

203 3833 218 3895 §
230 3839 271 3882 46.
294 3833 348 3895 icta,
363 3836 475 3900 Appul.,
493 3841 562 3901 quod
574 3854 621 3888 nos
632 3839 831 3890 emendarimus.
850 3847 940 3902 potam,
952 3842 996 3890 ad.
1016 3846 1093 3904 ponis,
1107 3834 1135 3889 θ.
1159 3839 1227 3902 ictaa
1238 3836 1289 3907 βγ.

170 3936 201 3946 ..
219 3897 437 3966 dobrmAppul.
464 3902 665 3970 debriaadssr.
686 3946 716 3957 ..
734 3907 873 3972 etAppul.
899 3923 919 3970 a,
936 3910 1008 3959 Tad.
1028 3948 1059 3958 -
1082 3906 1176 3970 piiciia,
1192 3909 1289 3973 Appul.

170 4005 201 4014 -
217 3973 247 4027 et,
259 3967 356 4031 Appul.
369 3971 458 4021 Omitt.
471 3976 506 4023 ad
510 3968 561 4036 βγ.
575 4013 603 4021 -
624 3972 826 4036 destillationibus,
838 3993 854 4026 a
866 3973 988 4040 (Appul.)
1007 3973 1206 4038 distillationibus,
1218 3973 1289 4044 ᾱβγ.

169 4072 206 4146 .ἶὶ
220 4032 413 4164 recumbadstr.
436 4038 491 4090 Nos
504 4041 703 4104 emendarimus3
721 4058 744 4092 v.
757 4046 789 4094 ad
801 4050 842 4105 32,
855 4049 895 4094 99.
914 4085 946 4094 ..
970 4043 1070 4104 triam
1082 4059 1105 4092 a.
1129 4049 1252 4108 typsanae,
1264 4048 1289 4097 d.

167 4115 285 4162 puerine,
323 4118 347 4167 γ.

203 4170 270 4231 §tt
289 4178 352 4219 estur
368 4187 428 4231 varo,
445 4188 468 4221 a.
486 4169 565 4221 editur
578 4189 641 4236 vera
653 4175 707 4227 Τά.
730 4183 803 4227 tostas
819 4193 874 4227 varo
890 4184 960 4238 estur,
977 4177 1009 4227 K
1029 4216 1059 4227 -
1081 4192 1185 4227 veneram
1202 4187 1288 4245 aaran,

168 4235 265 4300 Appul.
284 4278 315 4288 ..
335 4238 454 4301 ὠνέοταιὲ,
465 4240 563 4304 Appul.
832 4246 833 4250 ’
