2896 4792
207 289 247 354 98
559 300 764 349 seruatus
785 299 982 348 ms'roatast

205 454 302 519 insito
324 451 477 517 emineret
498 450 610 528 oculis,
633 450 711 515 ulmi
735 450 852 517 vimine
867 451 1008 539 adligato
1022 449 1099 516 bina
1112 451 1327 518 circumdare-

206 569 258 620 tur
279 554 348 620 aeie
370 577 390 618 a
412 553 537 618 duabus
559 551 717 636 partibus,
739 563 776 617 ut
797 552 872 618 inde
893 552 1001 638 potius
1022 550 1198 617 destillaret
1217 575 1330 619 mucor

204 655 260 740 qui
281 676 431 720 maxume
453 653 527 720 vitis
555 653 703 729 infestat3
737 652 854 718 deinde
882 676 956 718 eum
982 652 1176 718 evaluissent
1201 653 1330 741 flagella

203 757 303 843 pedes
318 755 421 832 binos,
444 754 611 820 vinculum
622 752 710 818 insiti
730 752 933 830 incideretur,
955 753 1095 819 ubertati
1116 754 1330 821 crassitudine

204 856 372 944 permissa.
409 854 541 920 Vitibus
566 854 745 919 inserendis
773 865 901 939 tempus
923 854 1042 919 dedere
1063 853 1105 919 ab
1126 856 1329 938 aequinoctio
1343 871 1391 917 111

205 971 360 1023 autumno
382 956 424 1020 ad
446 954 688 1044 germinationis
709 955 810 1020 initia.
834 952 965 1021 Sativae
986 955 1115 1041 plantae
1133 955 1329 1022 silvestrium

204 1056 575 1124 radicibns‘inseruntur
587 1068 703 1121 natura
718 1056 915 1122 siccioribus.
938 1053 975 1121 Si
991 1057 1112 1121 sativae
1128 1057 1330 1123 silvestribus

204 1160 403 1236 inserantur,
432 1159 629 1246 degenerant
649 1158 683 1221 in
704 1158 871 1222 feritatem.
902 1157 1040 1240 Reliqua
1062 1159 1149 1222 caelo
1171 1169 1329 1224 constant.

205 1259 387 1346 Aptissima
414 1260 518 1324 insitis
548 1259 693 1334 siccitas;
726 1258 822 1323 huius
853 1259 938 1323 enim
969 1257 1147 1324 remedium
1172 1258 1329 1343 adpositis

204 1361 358 1428 fictilibus
379 1362 466 1428 vasis
487 1360 632 1425 modicus
646 1382 738 1425 umor
752 1382 811 1447 per
825 1361 965 1426 cinerem
980 1360 1129 1427 destillat.
1151 1359 1331 1427 Inooulatio

204 1486 294 1530 rores
316 1476 402 1528 amat
423 1463 516 1528 lenis.

247 1563 347 1632 XVI.
370 1566 421 1631 26.
457 1563 686 1649 Emplastratio
719 1573 750 1628 et
784 1564 856 1648 ipsa
882 1563 1095 1629 inoculatione
1123 1574 1198 1628 nata
1227 1563 1391 1628 viderint

205 1677 329 1753 potest,
352 1688 461 1731 crasso
482 1676 589 1729 autem
610 1687 759 1729 maxume
779 1665 891 1730 cortici
906 1665 1065 1742 convenit,
1089 1664 1172 1729 siout
1184 1675 1235 1729 est
1247 1665 1329 1730 ficis.

17 1840 19 1853 Ι
104 1858 106 1863 Ι
205 1767 295 1853 Ergo
310 1767 481 1854 amputatis
496 1765 646 1831 omnibus
661 1766 769 1843 ramis,
784 1788 825 1830 ne
841 1788 954 1832 sucum
968 1776 1114 1842 avocent,
1137 1765 1331 1831 nitidissima

205 1869 239 1933 in
260 1878 353 1955 parte
374 1890 502 1951 quaque
523 1867 697 1953 praecipua
719 1878 868 1932 cernatur
889 1866 1048 1944 hilaritas,
1076 1877 1225 1952 exempta
1253 1889 1328 1933 scu-

207 1970 275 2034 tula
295 1968 340 2033 ita
360 1992 402 2034 ne
423 1968 598 2034 descendat
617 1969 703 2033 ultra
730 1968 881 2034 corticem
907 1967 1046 2046 ferrum,
1077 1968 1260 2053 inprimitur
1288 1990 1329 2033 ex

87 2120 93 2129 .
206 2069 270 2135 alia
291 2080 401 2135 cortex
422 2092 481 2155 par
502 2092 575 2134 oum
599 2068 650 2134 sui
670 2069 826 2155 germinis
847 2092 994 2148 mamma,
1018 2069 1065 2134 sic
1086 2091 1229 2155 conpage
1249 2069 1329 2133 den-

208 2183 279 2236 sata
299 2182 337 2234 ut
357 2169 498 2236 cicatrici
519 2171 609 2235 locus
631 2193 696 2235 non
718 2170 759 2235 sit
780 2181 813 2235 et
832 2171 940 2235 statim
953 2170 1010 2234 fiat
1021 2169 1141 2247 unitas,
1162 2191 1222 2235 nec
1236 2192 1329 2236 umo-

208 2294 279 2337 rem
300 2294 360 2336 neo
381 2272 536 2337 adflatum
561 2272 737 2356 recipiens3
765 2270 971 2337 nihilominus
992 2281 1100 2335 tamen
1122 2281 1153 2335 et
1173 2272 1241 2336 luto
1256 2293 1329 2335 mn-

207 2372 278 2436 nire
308 2383 340 2438 et
366 2373 495 2438 vinculo
525 2371 651 2437 melius.
694 2371 770 2438 Hoc
803 2395 908 2461 genus
935 2384 1000 2438 non
1019 2372 1146 2459 pridem
1165 2380 1329 2457 repertum
1343 2386 1391 2431 1111

208 2474 321 2539 volunt
341 2475 397 2558 qui
417 2475 511 2540 novis
533 2474 678 2540 moribus
699 2474 825 2553 favent,
848 2475 904 2540 sed
927 2486 960 2540 et
981 2475 1068 2561 apud
1082 2488 1207 2540 veteres
1223 2471 1329 2541 Grac·

208 2598 265 2641 cos
289 2577 454 2642 invenitur
480 2586 511 2640 et
538 2575 623 2662 apud
647 2575 804 2641 Catonem
825 2576 882 2660 qui
902 2578 1008 2642 oleam
1028 2577 1188 2660 ficumque
1209 2576 1257 2641 sic
1277 2577 1328 2640 in-

209 2679 271 2742 seri
303 2679 412 2755 iussit,
450 2699 602 2742 mensura
633 2676 729 2742 etiam
761 2678 931 2762 praefinita
963 2677 1139 2743 secundum
1171 2679 1327 2761 reliquam

209 2778 409 2864 diligentiam
432 2774 534 2855 suani,
556 2778 691 2843 cortices
715 2778 842 2864 scalpro
864 2779 972 2844 excidi
989 2790 1141 2863 quattuor
1154 2780 1330 2865 digitorum

208 2879 409 2965 longitudine
432 2889 463 2943 et
485 2879 580 2942 trium
600 2879 770 2945 latitudine
792 2892 888 2963 atque
909 2881 955 2944 ita
977 2881 1191 2966 coagmentari
1217 2891 1249 2943 et
1275 2879 1330 2944 illa

208 3003 268 3045 sua
288 2980 397 3044 intrita
418 2978 526 3056 oblini,
555 2979 668 3044 eadem
689 2980 813 3045 ratione
834 2992 867 3044 et
894 2981 929 3044 in
956 2982 1049 3045 malo.
1083 2978 1226 3060 Quidam
1253 2979 1329 3046 huic
1344 2995 1392 3039 rao

207 3080 319 3167 generi
339 3081 497 3146 miscuere
518 3080 667 3146 fissuram
687 3081 722 3145 in
743 3081 872 3160 vitibus,
895 3091 1044 3167 exempta
1066 3079 1173 3145 cortici
1188 3082 1328 3160 tessella,

209 3183 336 3247 surculo
358 3206 377 3246 a
398 3184 496 3246 latere
518 3183 614 3268 plano
635 3183 807 3270 adigendo.
829 3184 893 3248 Tot
913 3183 1016 3248 modis
1036 3183 1166 3247 insitam
1181 3184 1329 3249 arborem

207 3282 346 3350 vidimus
368 3284 458 3350 iuxta
479 3283 631 3350 Tiburtes
653 3284 788 3351 Thulias
808 3284 895 3350 omni
916 3307 1037 3373 genere
1057 3307 1227 3371 pomorum
1247 3308 1327 3351 onu-

241 3419 307 3484 ulmi,
328 3416 444 3474 OTadr.
470 3423 552 3486 almeo,
571 3419 622 3489 βγ.
650 3466 680 3474 ..
712 3423 819 3489 ullipoto,
843 3418 962 3475 OTadr.
989 3423 1111 3490 allisimus,
1130 3420 1180 3491 βγ.
1205 3465 1236 3474 ..
1264 3422 1328 3487 bina,

211 3482 289 3539 Ora.
314 3489 421 3554 binaque,
438 3488 509 3556 ὀβγ.
533 3534 564 3542 -
583 3490 776 3554 circumdaretur,
794 3493 825 3543 Τ.
856 3491 1066 3554 circumdarentur,
1082 3486 1154 3542 trad.
1180 3490 1328 3542 circumcide·

207 3563 296 3618 rentur,
311 3553 361 3622 βγ,
381 3598 410 3607 ..
430 3557 471 3620 ad,
489 3575 511 3610 a.
531 3601 563 3609 ..
581 3557 718 3621 destillaret,
734 3562 768 3611 D.
790 3557 924 3619 dutillaret,
942 3556 1034 3624 adssy,
1054 3600 1085 3609 ..
1103 3575 1191 3620 mucor,
1209 3577 1225 3610 a
1242 3557 1328 3622 (codd.

208 3623 280 3686 (iel.)
298 3624 386 3681 humor,
399 3627 469 3676 Tdr.
480 3668 511 3677 -
525 3625 586 3687 dein,
599 3631 622 3677 d.
633 3669 664 3677 ..
675 3626 782 3692 flaqettt,
794 3645 817 3678 a
831 3668 862 3677 -
880 3626 1002 3691 adpedec,
1014 3628 1101 3678 Dalec,
1115 3666 1147 3675 -
1159 3628 1271 3687 ubertate,
1283 3629 1328 3677 ad.

242 3694 257 3756 ξ
271 3696 326 3743 11⁷.
344 3694 458 3755 autumni,
470 3695 503 3744 Κ.
516 3735 546 3744 -
565 3693 649 3743 tutioris
660 3693 784 3757 silvestres,
796 3697 829 3747 K.
843 3736 874 3745 -
884 3695 996 3760 scritate,
1005 3712 1028 3745 a.
1042 3734 1073 3743 ..
1091 3693 1200 3752 uocatas,
1213 3710 1235 3744 a.
1253 3694 1328 3746 Sum-

207 3761 258 3823 psit
269 3761 334 3810 haec
344 3761 412 3810 Plin.
424 3777 458 3810 ex
469 3762 602 3826 Theophr.
614 3765 646 3812 de
657 3779 726 3813 caus.
738 3765 819 3828 plant
831 3762 853 3813 L
867 3769 889 3820 6,
903 3769 926 3813 6.
940 3802 971 3811 ..
990 3760 1058 3822 euim,
1071 3762 1114 3809 ad.
1133 3768 1175 3823 est,
1187 3763 1219 3812 K.
1237 3802 1269 3812 ..
1287 3760 1328 3810 de-

207 3825 292 3887 stillat,
304 3844 327 3877 a
345 3825 454 3884 astillat,
467 3831 491 3878 d.
510 3827 637 3891 dotianus,
649 3824 700 3894 βγ.
718 3871 750 3880 ..
770 3828 840 3890 leuca
852 3831 925 3881 Tad.
944 3827 1012 3890 leuca
1023 3823 1074 3892 βγ.

242 3896 327 3959 §tls
352 3893 535 3958 Emplastratio‚
551 3896 627 3946 Huet
641 3913 681 3961 ap.
693 3899 764 3948 Brot.
778 3906 804 3948 et
814 3898 867 3947 ind.
879 3897 906 3946 h.
917 3896 984 3945 libri.
1009 3891 1201 3958 Emplortiratr'a
1219 3912 1242 3945 a.
1268 3892 1327 3944 Em,

204 3960 298 4024 plastri
306 3961 377 4023 ratio,
389 3959 439 4024 dst.
459 4004 491 4013 -
509 3965 570 4027 ursa,
582 3980 622 4013 ar.
642 3963 696 4027 ipsa
707 3980 744 4026 ex,
756 3960 827 4028 ᾱβγ.
848 3964 909 4013 Vid.
921 3965 953 4013 ad
965 3967 1006 4023 ³5,
1018 3969 1058 4013 ts.
1078 4003 1109 4012 -
1132 3962 1223 4024 cortice,
1236 3979 1275 4014 ar.
1295 4002 1327 4012 ..

208 4036 355 4089 certatur‚a.
375 4071 406 4079 ..
429 4029 494 4079 ultra
505 4030 611 4079 corticem
615 4031 720 4094 ferrum,
733 4033 821 4083 Tadr.
846 4028 1011 4092 ultraserrum
1024 4028 1111 4091 cortici,
1123 4026 1174 4094 βγ.
1199 4071 1230 4080 -
1253 4046 1327 4079 mam-

207 4111 267 4155 mos,
279 4098 324 4146 ad.
343 4137 374 4146 ..
392 4096 535 4160 unitosfiat,
547 4100 571 4147 d.
589 4139 620 4148 ..
639 4115 712 4148 neo-
723 4114 772 4160 aee,
788 4092 867 4148 θΤᾶ.
884 4095 1034 4159 bueo-aee,
1046 4113 1069 4150 a.
1087 4113 1231 4159 uon-non,
1242 4093 1272 4160 β

243 4165 257 4227 5
272 4168 328 4216 uc.
346 4162 395 4223 sed,
407 4168 451 4215 ad.
469 4163 513 4214 aed
522 4162 555 4226 td,
567 4161 617 4230 βγ.
631 4207 662 4216 ..
680 4173 710 4227 et,
722 4167 758 4216 ita
769 4181 817 4216 nos
829 4165 984 4230 scripsimus.
1001 4165 1072 4215 edam
1081 4173 1111 4227 et,
1123 4182 1146 4215 a
1163 4165 1243 4226 etiam,
1256 4159 1327 4228 ᾶβγ.

209 4269 241 4279 ..
263 4227 381 4291 Catonern,
394 4233 536 4282 deremst
548 4237 589 4284 42.
608 4273 639 4283 ..
658 4232 822 4296 ammenti,
834 4235 858 4283 d.
876 4272 908 4283 ..
926 4231 999 4294 obliti,
1011 4235 1056 4283 ad.

243 4299 329 4361 5120.
347 4297 436 4361 cortici,
448 4299 539 4350 Tadr.
561 4295 695 4363 corticass.
712 4340 744 4352 ..
764 4298 860 4364 mala,
873 4302 898 4352 d.
916 4340 948 4352 ..
965 4298 1066 4364 surculo,
1078 4300 1160 4351 omitt
1173 4300 1218 4352 ad.
1237 4339 1268 4351 ..
1285 4315 1327 4351 ur·
