2896 4792
366 258 436 309 am.
452 260 540 337 nvn.
570 257 648 307 aar.
664 259 751 306 xxa.
769 257 871 304 xxnr.
902 255 1000 303 anor.
1016 258 1047 300 ³5.
1208 239 1270 301 na

76 471 79 481 ,
151 408 192 477 de
213 432 321 487 causa,
344 410 450 479 minus
471 409 571 475 densa
593 410 679 475 folio.
701 409 777 474 Non
790 418 946 494 spernunt
960 405 1107 493 plerique
1122 416 1154 470 et
1169 406 1268 470 fraxi-

134 533 229 580 num
249 510 421 593 ficumque,
449 510 544 573 etiam
572 508 674 573 oleam
696 508 722 573 si
744 530 809 573 non
831 508 872 572 sit
894 507 1046 572 umbrosa
1067 507 1165 571 ramis
1172 530 1181 582 ;
1211 506 1268 571 ha·

149 614 330 678 rum-satus
353 610 520 693 cultusque
542 608 668 674 abunde
692 619 845 678 tractatus
860 618 919 673 est.
943 607 1029 672 Ante
1048 629 1164 671 xxxva
1180 630 1270 673 men·

150 735 218 779 sem
243 710 359 798 attingi
386 710 468 775 falce
496 720 660 785 vetantur3
693 711 816 777 alterna
843 719 1010 774 servantur
1036 707 1195 786 bracchia,
1223 710 1269 773 al-

150 813 249 879 ternis
275 821 430 899 putantur
454 810 558 889 annis,
587 822 678 876 sexto
700 833 784 876 anuo
805 810 1004 874 maritantur.
1037 808 1271 894 Transpadana
1283 826 1329 869 aar

148 910 242 979 Italia
262 924 392 999 praeter
421 934 520 996 supra
547 910 649 976 dictas
678 933 788 989 cornu,
818 912 924 997 apulo,
954 911 1032 988 tilia,
1055 932 1158 986 acere,
1179 932 1268 987 orno,

149 1014 290 1100 carpino,
318 1034 439 1097 quercu
466 1012 612 1077 arbustat
641 1034 747 1099 agros,
775 1011 914 1077 Venetia
936 1011 1032 1078 salice
1055 1021 1186 1096 propter
1206 1010 1268 1074 uli-

147 1115 257 1202 ginem
280 1114 347 1180 soli.
372 1113 418 1176 Et
438 1113 544 1178 ulmus
566 1113 754 1177 detruncata
776 1113 881 1177 media
903 1112 936 1176 in
958 1135 1118 1177 ramorum
1141 1134 1269 1176 scamna

76 1250 79 1255 ·
147 1215 316 1302 digeritur,
349 1213 436 1276 nulla
467 1215 533 1278 fere
565 1236 613 1277 xx
646 1214 765 1299 pedum
798 1213 909 1277 altiore
942 1213 1065 1278 arbore.
1110 1211 1269 1278 Tabulata

147 1338 258 1382 earum
283 1313 324 1379 ab
352 1324 466 1378 octavo
492 1314 575 1399 pede
596 1314 774 1379 altitudinis
796 1313 970 1378 dilatantur
991 1313 1026 1377 in
1048 1313 1182 1378 collibus
1205 1313 1267 1379 sic-

74 1427 88 1434 ‘
147 1417 256 1499 cisque
277 1415 375 1501 agris,
397 1436 418 1478 a
438 1437 498 1478 x11.
522 1413 556 1477 in
578 1413 811 1499 campestribus
834 1423 866 1477 et
886 1413 1014 1478 umidis.
1051 1413 1268 1479 Meridianum
1281 1431 1330 1474 aaa

147 1517 246 1583 solem
274 1524 420 1602 spectare
447 1515 573 1600 palmae
601 1513 737 1590 debent,
769 1514 850 1577 rami
879 1537 898 1577 a
924 1513 1072 1598 proiectu
1094 1514 1268 1600 digitorum

145 1617 240 1683 modo
273 1615 407 1704 subrigi,
441 1615 549 1680 tonsili
580 1613 614 1677 in
650 1614 701 1679 his
728 1614 872 1678 tenuium
901 1636 1027 1698 quoque
1056 1614 1268 1700 virgultorum

144 1718 257 1797 barba,
279 1740 320 1782 ne
342 1715 543 1781 obumbrent.
566 1715 772 1780 Intervallum
787 1715 906 1779 iustum
929 1713 1088 1792 arborum,
1113 1715 1139 1778 si
1161 1726 1267 1780 aretur

143 1819 259 1896 solum,
287 1817 485 1904 quadrageni
507 1817 606 1903 pedes
627 1817 660 1879 in
684 1827 775 1903 terga
796 1815 1010 1899 frontemque,
1037 1815 1071 1879 in
1093 1816 1194 1881 latera
1215 1816 1265 1881 vi·

142 1918 230 1994 oeni3
255 1919 280 1984 si
295 1941 358 1984 non
373 1931 491 1994 aretur,
513 1919 574 1982 hoc
588 1918 621 1981 in
637 1918 739 1994 omnis
754 1917 865 2001 partis=
891 1914 1035 2005 Singulis
1050 1916 1150 1982 denas
1167 1940 1264 2003 saepe

142 2018 330 2084 adnutriunt
345 2019 443 2094 ritis,
482 2020 631 2083 damnato
660 2018 803 2106 agricola
829 2018 935 2083 minus
963 2019 1072 2084 ternis.
1109 2018 1263 2085 Maritare
1279 2034 1327 2078 20³

142 2119 205 2185 nisi
235 2120 358 2185 validas
391 2121 567 2198 inimicum,
602 2131 757 2185 enecante
784 2119 887 2184 veloci
917 2119 1030 2183 vitium
1056 2119 1262 2184 incremento.

141 2217 258 2287 Serere
292 2221 478 2306 tripedaneo
511 2220 623 2286 scrobe
655 2220 872 2286 necessarium
906 2220 1056 2284 distantis
1083 2220 1165 2284 inter
1192 2242 1263 2285 sese

141 2321 349 2406 arboremque
372 2321 508 2407 singulis
530 2320 676 2406 pedibus.
699 2320 786 2384 Nihil
807 2320 852 2384 ibi
874 2321 1028 2386 malleolis
1049 2332 1145 2405 atque
1159 2321 1262 2407 pasti-

140 2423 272 2501 nationi,
306 2423 394 2487 nulla
420 2422 565 2487 fodiendi
594 2421 756 2507 inpendia,
790 2432 901 2507 utpote
930 2446 1001 2487 cum
1032 2423 1153 2487 arbusti
1180 2422 1262 2486 ratio

140 2525 201 2590 hac
222 2524 376 2608 peculiari
399 2523 474 2588 dote
496 2533 649 2608 praestet,
676 2522 763 2604 quod
785 2521 826 2586 ab
849 2522 961 2587 ecdem
984 2524 1050 2588 solo
1072 2523 1134 2587 seri
1152 2522 1262 2609 fruges

138 2636 173 2690 et
194 2624 313 2690 vitibus
335 2625 479 2710 prodest,
503 2644 663 2708 superque
676 2623 762 2705 quod
785 2622 951 2687 vindicans
974 2646 1007 2688 se
1030 2623 1164 2687 altitudo
1186 2646 1260 2699 non,

139 2737 177 2791 ut
196 2726 229 2790 iu
252 2725 356 2802 vinea,
379 2725 420 2788 ad
443 2723 597 2788 arcendas
612 2721 796 2787 animalium
814 2722 948 2787 iniurias
963 2723 1083 2807 pariete
1099 2724 1149 2787 vel
1165 2744 1260 2808 saepe
1354 2765 1359 2773 ,
1395 2798 1399 2805 ι

140 2825 191 2890 vel
219 2824 379 2890 fossarum
407 2825 518 2908 utique
541 2823 692 2909 inpendio
713 2823 829 2888 muniri
852 2846 886 2888 se
909 2825 1004 2911 cogit.
1028 2823 1068 2886 In
1090 2821 1220 2886 arbusto
1243 2836 1323 2887 eaor

173 2997 188 3056 ξ
204 3003 259 3047 199.
277 3013 294 3044 a
306 2996 414 3047 Saserna
423 3004 503 3060 patre,
515 2999 615 3048 Broter.
628 3000 730 3048 exedit.
742 3014 779 3062 pr.
799 3014 815 3044 a
828 2997 907 3048 Seruo
916 3006 994 3060 patre,
1007 3015 1028 3047 a.
1048 2997 1168 3048 Sasserna
1181 3004 1259 3060 patre,

100 3099 105 3110 .
142 3056 193 3112 Od.
221 3063 336 3116 sanaem
357 3065 437 3127 patri,
455 3066 486 3114 T.
513 3064 649 3115 Saraennae
665 3064 746 3128 patri,
766 3060 795 3125 β.
814 3108 845 3114 -
869 3064 996 3126 celebrato,
1017 3081 1040 3114 a.
1060 3106 1090 3115 ..
1113 3064 1219 3128 Sropae,
1237 3081 1260 3114 a.

138 3131 230 3191 scrobe,
248 3133 272 3184 d.
291 3171 322 3181 ...
344 3131 552 3195 peritissimeque,
571 3134 594 3181 d.
614 3131 775 3195 periturimm,
794 3147 816 3180 a.
836 3173 866 3181 -
886 3149 916 3179 ac
933 3149 960 3180 ne
976 3150 1005 3195 a;
1023 3149 1069 3195 pro
1082 3133 1120 3182 his
1132 3149 1171 3181 vv.
1184 3133 1261 3182 habet

139 3213 214 3246 aenea
225 3214 248 3258 a,
260 3214 330 3246 eneas
343 3199 366 3246 d'.
385 3239 417 3248 ..
435 3197 532 3260 Italiae,
546 3201 634 3249 Tadr.
652 3199 695 3246 uni
704 3198 800 3259 Italiae,
812 3194 840 3259 β.
860 3240 891 3248 ..
911 3216 956 3247 non
968 3199 1020 3259 nin',
1034 3201 1056 3247 d.
1075 3199 1128 3259 uici,
1140 3217 1163 3250 a.

173 3283 258 3344 5²⁰⁰·
286 3281 409 3345 eliquatur,
426 3298 449 3330 v.
466 3282 612 3333 Schneider.
629 3284 661 3331 ad
674 3282 810 3335 Columell.
826 3284 858 3332 V.
873 3289 896 3340 6,
911 3290 932 3332 1.
959 3282 1097 3346 reliquatur,
1114 3285 1203 3333 Tadr.
1228 3326 1257 3332 -

46 3392 48 3397 .
139 3346 215 3395 ulmus
231 3348 309 3396 atinio
322 3357 421 3411 propter
437 3349 547 3397 eximiam
555 3346 671 3413 frondem
690 3350 791 3412 excipit,-
812 3348 896 3398 deinde
910 3349 1011 3412 populas
1027 3349 1108 3397 eadem
1126 3349 1155 3398 de
1172 3367 1259 3410 causa5

139 3413 211 3478 niqra
225 3414 301 3463 minuc
318 3413 391 3463 densa
399 3414 480 3479 soliis,
498 3416 617 3467 Schneid.
634 3417 652 3464 l.
669 3416 686 3464 1.
704 3433 728 3479 p.
747 3422 805 3466 251.
836 3458 866 3465 -
894 3416 955 3475 dein,
972 3419 1016 3465 ad.
1043 3416 1135 3478 deinde,
1151 3414 1202 3482 βγ.
1229 3460 1258 3466 -

139 3479 235 3530 taram:
248 3481 340 3531 fraxini
355 3488 393 3542 16,
407 3489 524 3544 emec,
542 3484 583 3533 fici
597 3490 636 3543 ra,
649 3490 758 3532 22..24.
777 3489 894 3543 ca-aa,
913 3484 983 3533 oleae
998 3491 1036 3545 15,
1052 3491 1141 3535 1-32.

63 3594 68 3601 -
172 3567 257 3628 §²⁰¹-
283 3564 359 3628 cpulo,
375 3567 443 3617 Piut.
460 3574 486 3616 et
497 3567 644 3618 Schneider.
661 3568 695 3616 ad
712 3566 848 3616 Columell.
867 3568 899 3616 V.
914 3570 935 3624 7,
950 3574 972 3616 l.
996 3567 1092 3630 populo,
1110 3564 1203 3632 adssr.
1228 3611 1257 3617 -

138 3646 205 3690 arna,
217 3633 262 3680 ad.
283 3673 312 3680 -
324 3631 402 3695 salae,
415 3636 439 3683 d.
458 3674 489 3682 ..
508 3631 593 3693 media,
606 3636 650 3682 ad.
672 3649 689 3681 a
701 3631 783 3692 medio,
795 3629 845 3697 βγ.
870 3636 902 3683 V.
916 3634 1061 3686 Schneider.
1074 3639 1107 3686 ad
1120 3637 1257 3686 Columell.

138 3699 208 3755 Π,
223 3705 263 3748 15.
287 3741 317 3748 -
344 3701 369 3748 in
384 3716 512 3760 ramorum,
528 3702 601 3749 codd.
615 3701 671 3752 Gel.
698 3701 860 3761 intraneorum,
878 3718 900 3751 a.
928 3701 991 3750 intra
1008 3720 1135 3765 ramorum,
1148 3704 1201 3752 Τό.
1227 3745 1256 3752 ..

137 3765 204 3825 XV,
216 3766 284 3815 Pint.
304 3807 333 3814 -
351 3766 457 3830 pediam,
469 3769 558 3817 Daleo.

171 3851 256 3912 §202
271 3849 389 3912 palmites,
402 3853 434 3900 K.
449 3893 479 3900 -
493 3851 592 3913 consilii,
605 3854 649 3900 ad.
663 3892 694 3901 ..
714 3853 841 3912 obumbret,
853 3856 877 3902 d.
891 3894 921 3902 -
935 3852 1072 3911 Intervallo,
1085 3856 1130 3902 ad.
1143 3895 1173 3902 ..
1185 3854 1258 3912 fron·

137 3923 227 3977 temque
238 3925 262 3964 et
275 3915 367 3977 latera,·
380 3917 461 3978 uicem,
475 3917 498 3966 si
510 3935 555 3966 non
568 3925 663 3978 aretur,¹
677 3918 719 3967 boe
732 3921 785 3980 rel,
798 3918 944 3971 Schneider.
953 3925 985 3971 ad
998 3922 1134 3971 Columell.
1146 3922 1178 3968 V.
1186 3927 1209 3980 6,
1219 3927 1257 3970 ll.

137 4022 169 4030 -
188 3981 234 4032 Sin
250 3982 296 4032 ulis
307 3999 386 4049 seqq..
397 3987 516 4035 vitiosam
528 3987 555 4035 h.
567 3987 584 4035 l.
597 3987 659 4035 dicit
670 3986 817 4037 Schneider.
829 3988 845 4037 l.
858 3989 875 4037 l.
889 3990 921 4037 V.
934 3994 957 4048 6,
969 3994 1008 4038 19.
1026 4027 1046 4034 -
1073 3985 1153 4047 denas,
1165 3988 1256 4037 Tadr.

136 4048 207 4109 dena,
242 4086 248 4098 .
268 4091 297 4099 -
318 4050 453 4110 damnante,
465 4054 554 4102 Dalec.

171 4132 256 4191 §aaa
284 4143 381 4183 enecant
392 4133 493 4196 coeliaci,
505 4153 528 4185 a.
549 4176 579 4185 ..
598 4135 875 4200 quadripedanaofflint.
894 4179 924 4186 ..
948 4153 979 4195 se,
993 4139 1017 4184 d.
1036 4177 1066 4185 -
1091 4136 1200 4197 malleoli,
1213 4141 1257 4188 ad.

138 4240 168 4248 ..
188 4198 252 4262 quod
263 4201 302 4262 ab,
316 4205 360 4251 ad.
379 4199 443 4268 quod
454 4201 486 4262 in,
498 4197 550 4266 βγ.
571 4244 600 4252 ,,
620 4203 689 4268 capit,
703 4205 734 4254 T.
753 4213 825 4268 capet,
839 4220 862 4254 a.
881 4212 957 4267 rapat,
971 4199 1042 4265 ἀβγ.

153 4440 168 4475 9
