2896 4792
410 287 478 334 ma.
494 281 555 334 nx.
585 285 663 333 cnr.
677 281 765 333 xvn.
797 282 894 332 suos.
910 285 941 328 rr.
956 285 986 328 rs
1193 264 1255 330 337

58 473 63 481 -
134 436 224 507 liacis
245 439 406 514 medetur3
431 437 591 524 singultus
607 446 639 503 et
652 437 820 502 olefactum
833 444 1007 520 potumque
1027 433 1193 499 decoctum
1204 431 1256 496 in·

135 543 233 620 hibet,
247 541 331 606 foliis
342 539 481 605 decoctis
493 538 611 627 digerit
627 535 811 602 cruditates.
835 534 942 602 Sucus
957 535 1081 602 decocti
1096 555 1170 600 cum
1184 533 1258 620 apio

136 641 291 708 olefactus
306 650 524 706 sternumenta
542 636 675 704 inhibet.
699 637 817 703 Potum
831 658 958 703 somnos
981 635 1129 714 concitat.
1152 634 1258 700 calcu·

135 741 311 828 Impedit,
339 740 527 807 vomitiones
553 735 681 806 cohibet
704 748 735 804 et
761 737 1022 825 praecordiorum
1049 748 1205 814 tumores,
1229 745 1261 800 ct

136 851 303 930 pectorum
325 841 420 921 vitiis,
443 842 550 908 nervis
571 862 700 926 quoque
722 839 840 925 quibus
861 839 1059 905 succinctum
1081 847 1130 903 est
1143 857 1261 922 corpus

91 932 97 939 ’
138 941 352 1009 utilissimum.
388 943 526 1009 Prodest
560 954 593 1008 et
625 941 741 1028 capitis
773 939 936 1005 doloribus
969 938 1117 1005 instillari
1150 935 1263 1003 sucum
1277 954 1324 999 rso

138 1063 211 1109 cum
233 1043 304 1109 olco
325 1043 459 1109 decocti.
492 1043 567 1108 Non
588 1042 675 1108 aliud
703 1041 814 1107 utilius
837 1041 942 1107 ventri
964 1050 997 1106 et
1016 1038 1179 1105 intestinis
1201 1059 1262 1124 pu-

138 1153 223 1222 tant,
250 1143 323 1210 ideo
351 1144 556 1229 dysintericis
584 1155 615 1208 et
643 1145 676 1209 in
700 1156 862 1209 tenesmos
885 1142 980 1207 datur
1000 1150 1134 1217 tostum3
1164 1137 1264 1224 aliqui
1321 1142 1406 1297 ᾗ

137 1244 262 1319 addunt
282 1255 315 1310 et
336 1246 460 1332 opium,
482 1244 591 1332 pilulis
612 1245 647 1309 in
669 1244 721 1310 die
744 1243 843 1310 ternis
864 1243 967 1329 lupini
989 1241 1209 1330 magnitudine
1230 1240 1265 1304 in

138 1344 204 1410 vini
226 1344 341 1429 cyatho
363 1345 484 1412 dilutis.
522 1346 686 1412 Dieuches
709 1357 741 1411 et
763 1344 803 1409 ad
829 1343 1012 1409 lumborum
1039 1342 1166 1408 dolores
1188 1362 1265 1408 suco
1280 1355 1324 1402 1⁹1

96 1440 102 1448 ’
139 1462 218 1512 usus
247 1455 314 1522 est,
352 1468 461 1512 semen
488 1447 675 1534 hydropicis
704 1456 736 1510 et
766 1445 912 1510 coeliacis
939 1443 1029 1508 dedit
1058 1443 1170 1508 tritum
1192 1464 1265 1508 oum

139 1556 260 1626 menta,
286 1545 418 1614 Euenor
438 1549 580 1614 radicem
602 1560 635 1615 et
656 1548 698 1613 ad
719 1546 828 1625 renis3
860 1545 980 1612 Dalion
1001 1540 1168 1612 herbarius
1189 1563 1265 1630 par-

141 1644 334 1714 turientibus
356 1671 396 1714 ex
419 1673 456 1714 co
478 1640 674 1737 cataplasma¹
695 1646 837 1735 inposuit
859 1669 932 1713 oum
954 1647 1040 1733 apio,
1061 1646 1140 1712 item
1153 1645 1266 1710 volva·

140 1768 213 1814 rum
242 1748 357 1827 dolori,
391 1750 541 1834 deditque
570 1750 745 1816 bibendum
774 1771 847 1814 cum
874 1759 969 1814 aneto
1004 1742 1265 1835 parturientibus.

142 1847 344 1915 Phreneticis
364 1872 493 1935 quoque
521 1851 660 1918 inlinunt
681 1852 733 1916 vel
754 1869 869 1916 recens
891 1872 964 1915 cum
985 1848 1135 1936 polenta,
1166 1847 1267 1914 sicet
1302 1920 1305 1925 ,
1384 1906 1389 1915 ,

142 1950 317 2016 infantibus
349 1953 508 2018 comitiale
541 1953 655 2018 vitium
687 1963 743 2018 aut
776 1950 1009 2018 contractiones
1042 1949 1265 2017 sentientibus.

142 2050 346 2140 Pythagoras
382 2053 513 2139 quidem
547 2064 646 2141 negat
674 2053 798 2138 conripi
825 2052 903 2118 vitio
931 2051 1082 2119 comitiali
1108 2051 1143 2115 in
1169 2061 1329 2116 manu1⁹²

142 2150 305 2228 habentis3
329 2153 401 2221 ideo
422 2177 518 2239 quam
541 2156 726 2242 plurumum
748 2153 835 2219 domi
851 2153 1037 2230 serendum3
1059 2175 1173 2241 parere
1186 2172 1267 2237 quo·

144 2270 207 2338 que
228 2252 352 2319 facilius
367 2251 545 2322 olfactantis
573 2268 606 2323 et
628 2257 735 2321 statim
757 2279 777 2320 a
798 2266 894 2342 partu
924 2254 1064 2319 dandum
1091 2253 1182 2341 potui
1208 2274 1269 2339 po·

143 2353 230 2419 lenta
256 2354 420 2440 adspersa.
458 2354 644 2423 Sosimenes
671 2367 783 2421 contra
814 2355 917 2421 omnis
946 2344 1094 2421 duritias
1110 2377 1151 2419 ex
1178 2364 1268 2420 aceto

145 2477 226 2521 usus
248 2465 298 2519 est
319 2476 358 2520 co
380 2466 412 2521 et
433 2467 544 2522 contra
566 2457 770 2522 lassitudines
798 2457 832 2521 in
858 2457 928 2522 oleo
954 2455 1138 2540 decoquens
1159 2454 1269 2520 addito

145 2555 249 2631 nitr03
274 2556 395 2621 semine
417 2556 487 2622 eius
508 2569 586 2645 poto
607 2558 804 2624 lassitudinis
826 2557 980 2622 auxilium
994 2555 1171 2622 viatoribus
1192 2576 1269 2641 spo·

146 2655 271 2744 pondit.
308 2655 500 2723 Heraclides
523 2658 565 2723 ad
586 2659 765 2725 inflationes
788 2657 942 2725 stomachi
965 2680 1074 2724 semen
1096 2656 1332 2723 tribuam-1⁹³

146 2757 224 2843 gitis
254 2778 326 2822 cum
355 2761 489 2826 castorei
516 2761 619 2828 obolis
646 2762 772 2828 duobus
799 2783 840 2826 ex
866 2761 970 2825 mulso
992 2759 1099 2838 dedit,
1128 2758 1282 2824 similiter..

147 2857 190 2921 ad
211 2859 333 2923 ventris
354 2871 411 2925 aut
432 2860 655 2929 intestinorum
676 2862 857 2929 inflationes
885 2871 918 2928 et
944 2860 1162 2946 orthopnoicis
1184 2857 1272 2945 quod

149 2958 249 3023 ternis
271 2958 382 3047 digitis
403 2963 569 3048 prenderit
595 2964 739 3044 seminis,
769 2962 959 3029 tantundem
984 2960 1171 3047 hyoscyami
1197 2981 1272 3026 cum

147 3060 230 3126 lacte
268 3063 403 3129 asinino.
462 3064 560 3132 Multi
600 3067 768 3134 vomituris
808 3065 978 3132 acetabula
1020 3064 1090 3130 eius
1128 3073 1162 3128 et
1197 3060 1273 3127 folia

149 3160 232 3225 lauri
260 3161 371 3228 decem
407 3166 481 3229 trita
509 3167 543 3230 in
578 3189 661 3253 aqua
693 3168 835 3235 bibenda
867 3168 951 3233 inter
983 3184 1094 3234 cenam
1126 3162 1272 3230 suadent.

184 3315 198 3376 ξ
213 3305 268 3361 189.
291 3300 453 3362 irfiatiombas
464 3305 585 3366 stomachi,
596 3309 629 3358 V.
653 3306 770 3356 stomachi
780 3305 949 3372 inflationibus,
961 3308 1005 3357 ad.
1024 3346 1056 3355 -
1079 3312 1171 3355 stante
1182 3300 1273 3351 intesti-

150 3396 232 3430 norum
245 3370 341 3419 om.K.
361 3410 391 3418 -
416 3378 543 3434 potumque
560 3371 685 3434 decoctam
701 3375 776 3425 Vad.
803 3372 920 3423 decoctam
934 3380 1067 3437 potumque,
1082 3368 1112 3434 β.
1130 3413 1161 3421 ..
1185 3367 1274 3418 decocti

151 3449 227 3513 ipsum
245 3450 308 3496 mm,
327 3437 360 3486 V.
385 3479 414 3486 -
442 3444 612 3503 sternumenta,
628 3439 727 3491 vado.
753 3446 950 3501 sternutamento,
966 3434 1019 3504 βγ.
1043 3479 1074 3489 -
1101 3453 1204 3500 somnos,
1219 3436 1273 3487 Tu.

150 3531 251 3577 sannas,
263 3504 317 3553 Va·
335 3520 447 3567 amanam,
458 3502 509 3571 βγ.
529 3549 560 3558 ..
578 3506 697 3570 conciliat,
708 3508 742 3558 K
761 3549 792 3558 ..
810 3506 941 3568 coluisset,
953 3506 1007 3556 Vd.
1025 3505 1121 3568 collibet,
1133 3521 1156 3555 a

185 3587 200 3648 ξ
215 3589 270 3634 190.
289 3569 393 3621 Prode&
403 3580 433 3634 el.
445 3575 551 3625 VTad.
569 3572 674 3625 Prodsm
684 3574 734 3624 aisis
745 3583 775 3636 ct,
787 3569 816 3635 β.
835 3615 865 3624 ..
885 3581 1005 3636 mammos,
1020 3567 1100 3625 OVd.
1119 3581 1239 3631 mammas,
1251 3585 1274 3619 a.

153 3659 259 3712 tenesmo,
271 3641 295 3690 T
307 3636 394 3702 (codd.
407 3638 478 3703 Gal.)
488 3637 539 3707 βγ.
558 3684 590 3693 -
609 3641 672 3704 inde,
684 3643 717 3692 K

186 3721 271 3781 §lau
297 3714 375 3755 mento
390 3706 496 3771 Euenor,
512 3711 580 3762 Pint.
596 3727 619 3761 a.
647 3717 744 3760 mentae.
762 3724 841 3772 aanor,
858 3707 892 3760 V.
917 3715 992 3758 mersis
1008 3722 1088 3770 maor,
1105 3704 1132 3757 d.
1160 3711 1238 3754 menta
1254 3710 1277 3750 et

152 3799 237 3844 mr,
253 3774 305 3834 Τὰ.
332 3781 411 3823 menta
427 3791 519 3836 omum,
535 3775 608 3843 opo.
634 3784 713 3826 memus
729 3793 742 3826 e
757 3776 824 3838 vino,
843 3777 916 3828 codd.
934 3775 991 3829 Gal.
1006 3771 1036 3839 β.
1060 3815 1091 3826 ..
1117 3770 1276 3832 οταόνεηεε,

152 3847 296 3902 ἾΤάδθΡ
302 3852 331 3901 φ·
349 3838 385 3889 ⁰11
394 3857 470 3904 renes,
482 3839 551 3909 tssr.
571 3885 603 3895 ..
620 3842 722 3905 Dalion,
734 3845 767 3895 V.
784 3842 885 3908 Dollom
897 3845 943 3896 ad.
955 3885 986 3895 ..
1005 3841 1115 3901 inlinunt,
1127 3842 1194 3891 Vad
1206 3837 1275 3903 (cod.

154 3915 227 3968 Leid.
242 3932 282 3977 ap.
292 3904 406 3958 Oudend.
424 3910 457 3958 ad
470 3910 540 3962 Suet.
552 3911 615 3964 Oth.
630 3918 668 3962 la.
686 3909 806 3973 inliciunt,
817 3913 893 3964 Voss.
906 3924 947 3977 ap.
960 3908 1089 3974 eundem).
1108 3906 1211 3968 illiniat,
1222 3906 1246 3956 Τ
1250 3919 1276 3969 γ.

154 3980 237 4043 a'lloot't,
249 3997 269 4030 r.
289 4007 320 4016 —
337 3972 381 4034 vel,
393 3975 468 4026 Vad.
487 3977 577 4029 Omitt.
589 3994 630 4044 rr.
650 4020 681 4029 ..
700 3979 880 4044 confractiones,
891 3981 926 4031 V.
1101 4042 1103 4046 y

189 4053 204 4114 ξ
219 4053 278 4164 md
293 4041 417 4165 '¹09⁰th·
430 4042 519 4094 Omitt.
531 4047 575 4095 ad.
593 4088 624 4096 -
649 4047 746 4112 corripi,
757 4049 796 4098 ad
807 4045 893 4111 (codd.
907 4044 977 4108 Gal.)
999 4042 1096 4108 com'qi,
1108 4043 1142 4092 V.
1163 4082 1193 4091 -
1215 4037 1277 4101 ideo,

156 4118 231 4168 Vad.
249 4115 259 4164 i
277 4117 354 4165 coque,
393 4118 418 4169 r·
1267 4109 1269 4115 ⁴

74 4190 78 4195 ·
156 4185 208 4303 mst
219 4189 281 4302 aa}
289 4169 420 4247 proderit,
436 4166 487 4225 oa
501 4178 651 4244 amosa,
663 4182 695 4234 v.
713 4180 873 4247 meamea,
885 4176 957 4246 aar.
977 4216 1008 4228 ..
1026 4174 1182 4237 amantem,
1194 4175 1226 4226 n
1246 4213 1277 4224 ..

208 4269 231 4302 m
281 4287 287 4301 .

189 4289 266 4373 mh.
282 4316 332 4368 m
1034 4309 1075 4372 22
