2896 4792
159 370 162 375 ,
184 304 224 367 rt
533 314 737 366 auruncus
759 317 953 366 ursroams

224 470 274 534 18.
296 467 395 532 Picea
408 468 526 534 montis
540 478 625 533 amat
639 479 734 552 atque
751 468 880 554 frigora,
903 469 1011 535 feralis
1033 469 1127 534 arbor
1150 479 1182 534 et
1204 470 1298 533 fune·
1314 489 1346 531 4o

87 622 91 631 .
180 568 231 634 bri
255 568 374 634 indicio
396 570 437 634 ad
459 571 543 636 fores
564 569 669 656 posita
691 592 728 634 ac
750 569 838 656 mgis
859 570 982 649 virens,
1003 571 1067 634 iam
1088 583 1192 634 tamen
1215 582 1246 634 et
1268 571 1300 633 in

180 669 291 736 domos
312 680 452 756 recepta,
481 670 587 736 tonsili
609 669 772 735 facilitate.
805 669 898 736 Haec
919 672 1100 756 plurumum
1124 669 1230 733 fundit
1250 670 1300 733 in-

181 770 380 838 terveniente
403 771 540 837 eandida
561 793 700 858 gemma,
723 781 788 836 tam
810 771 905 836 simili
927 772 1007 851 turis
1029 781 1066 836 ut
1080 770 1179 835 mixta
1196 769 1300 834 avisu

180 869 318 936 discerni
339 894 403 937 non
424 883 532 957 queat,
554 872 641 937 unde
662 873 750 937 fraus
766 869 942 958 Seplasiae.
964 872 1120 937 Omnibus
1135 871 1185 936 his
1199 892 1299 956 gene·
1313 890 1343 933 41

179 970 269 1037 ribus
295 972 370 1038 folia
398 973 488 1039 brevi
517 982 605 1038 saeta
633 983 664 1037 et
694 973 849 1039 crassiore
877 974 1021 1057 duraque
1049 995 1109 1038 ceu
1130 971 1300 1057 cupressis.

179 1071 296 1139 Piceae
323 1074 403 1138 rami
429 1096 533 1159 paene
562 1073 670 1139 statim
696 1072 738 1138 ab
767 1073 875 1140 radice
905 1074 1022 1140 modici
1043 1074 1131 1138 velut
1150 1072 1302 1139 bracchia

179 1172 333 1239 lateribus
354 1173 537 1250 inhaerent3
561 1173 704 1240 similiter
726 1174 823 1240 abieti
845 1176 1007 1261 expetitae
1029 1172 1177 1262 navigiis.
1209 1171 1301 1238 Situs

179 1273 213 1338 in
228 1276 354 1341 excelso
368 1274 537 1354 montium,
561 1297 621 1340 ceu
642 1274 742 1339 maria
764 1275 895 1362 sugerit,
923 1298 983 1342 nec
1005 1275 1108 1340 forma
1129 1274 1209 1351 alia;
1232 1298 1299 1339 ma·

180 1376 277 1440 teries
299 1398 375 1442 vero
395 1375 569 1462 praecipua
591 1385 640 1440 est
661 1375 805 1443 trabibus
826 1388 858 1442 et
873 1377 1029 1462 plurumis
1042 1376 1127 1441 vitae
1141 1374 1300 1461 operibus.
1374 1392 1380 1401 ·

178 1473 300 1540 Resina
327 1476 356 1542 ei
383 1476 515 1555 vitium,
543 1477 628 1541 unde
658 1476 783 1543 fruetus
810 1478 939 1564 piceae,
966 1476 1183 1562 exiguumque
1206 1475 1300 1539 sudat
1313 1492 1345 1536 42

179 1577 350 1661 aliquando
379 1588 526 1643 contactu
554 1578 640 1643 solis.
683 1576 713 1640 E
741 1577 869 1642 diverso
896 1575 1063 1653 materies,
1091 1595 1173 1658 quae
1200 1573 1299 1640 abieti

178 1678 408 1765 pulcherrima,
438 1677 550 1763 piceae
572 1677 614 1741 ad
635 1676 745 1742 fissilis
767 1676 936 1741 scandulas
957 1697 1120 1760 cupasque
1143 1686 1175 1740 et
1196 1698 1300 1761 pauca

179 1779 242 1844 alia
265 1766 453 1843 secamenta.

223 1880 272 1943 19.
296 1876 417 1959 Quinto
439 1875 553 1964 generi
575 1886 608 1941 et
630 1876 711 1942 situs
731 1876 834 1956 idem,
862 1878 962 1945 facies
983 1877 1110 1956 eadem3
1138 1876 1220 1942 larix
1241 1901 1298 1943 vo·
1313 1893 1345 1936 4³

179 1988 280 2044 catur.
306 1978 462 2044 Materies
483 1976 697 2063 praestantior
716 1966 811 2064 longe
832 1980 1018 2064 incorrupta
1039 1988 1089 2043 est
1110 2000 1188 2056 usu,
1219 1979 1299 2044 mori

179 2090 362 2158 contumax,
384 2078 505 2144 rubens
526 2087 692 2164 praeterea
712 2089 746 2144 et
766 2079 864 2145 odore
886 2080 1000 2145 acrior.
1021 2078 1210 2145 Plusculum
1224 2079 1299 2143 huic

180 2181 321 2267 erumpit
332 2180 466 2265 liquoris
486 2180 599 2245 melleo
615 2179 719 2245 colore
733 2189 828 2265 atque
841 2181 986 2258 lentiore,
1005 2201 1181 2263 numquam
1203 2179 1299 2243 dure-

181 2281 308 2348 scentis.
344 2279 480 2346 Sextum
507 2301 610 2366 genus
637 2290 686 2345 est
714 2281 808 2345 taeda
829 2281 959 2367 proprie
981 2280 1066 2346 dicta
1087 2279 1300 2344 abundantior
1313 2298 1345 2341 44

181 2403 259 2448 suco
280 2404 377 2466 quam
399 2380 533 2465 reliqua,
555 2379 683 2466 parcior
703 2380 917 2466 liquidiorque
931 2403 1026 2466 quam
1040 2379 1142 2465 picea,
1164 2380 1300 2444 fiammis

181 2505 220 2549 ac
232 2482 345 2547 lumini
360 2503 521 2548 sacrorum
534 2481 631 2545 etiam
644 2491 746 2567 grata.
769 2481 853 2562 Hae,
875 2504 979 2548 mares
994 2481 1171 2559 dumtaxat,
1193 2479 1301 2545 ferunt

181 2594 214 2650 et
226 2606 298 2649 eam
312 2606 408 2668 quam
424 2579 543 2648 Graeci
559 2603 656 2667 sycen
677 2593 806 2662 vocant,
827 2582 937 2650 odoris
958 2581 1150 2670 gravissimi.
1172 2581 1301 2647 Lariois

181 2684 312 2749 morbus
332 2695 383 2750 est
402 2694 439 2750 ut
460 2683 553 2748 taeda
573 2683 639 2747 fiat.
662 2679 781 2748 Omnia
800 2695 907 2749 autem
926 2683 1006 2749 haec
1020 2705 1140 2771 genera
1153 2704 1299 2760 accensa,
1314 2699 1346 2744 45

179 2785 302 2872 firlgine
323 2785 493 2864 inmodica,
515 2783 684 2850 carbonem
702 2796 835 2869 repente
855 2794 1017 2874 exspuunt
1036 2806 1109 2847 cum
1125 2782 1301 2868 eruptionis

145 2915 153 2931 ι
181 2888 305 2973 crepitu
331 2886 572 2969 iaculanturque
597 2886 693 2972 longe
722 2895 856 2971 excepta
876 2884 972 2950 larice
1000 2905 1083 2968 quae
1111 2904 1171 2947 nec
1198 2882 1300 2961 ardet,

216 3059 284 3121 540.
309 3064 465 3122 amatorque,
478 3059 503 3108 d.
529 3065 648 3122 amatque,
660 3074 684 3108 a.
711 3057 832 3109 Ceterum
848 3058 909 3108 huic
926 3059 984 3108 loco
997 3059 1121 3121 quaedam
1133 3054 1219 3106 tribuit
1231 3054 1301 3105 Serv.

183 3127 216 3175 ad
226 3124 325 3188 Vergil.
336 3125 403 3175 Aen.
416 3132 439 3188 6,
455 3130 518 3188 108,
531 3141 595 3191 quae
607 3141 659 3176 non
671 3127 764 3176 insunt.
783 3167 814 3176 ..
825 3123 920 3188 fundit,
929 3127 974 3176 ad.
993 3123 1094 3174 recinam
1098 3121 1194 3186 fundit,
1204 3116 1227 3184 β
1230 3135 1256 3187 7.
1270 3162 1301 3170 ..

182 3190 502 3324 ειιιιέιφιιῖἕέῑιιῧιιὲφῖ
523 3191 794 3322 ιιιιιιιὲἔιιὲιᾶιῇ
812 3193 898 3324 arpa,
911 3196 954 3244 ιι.
976 3186 1098 3255 conpr.
1121 3231 1153 3240 ..
1175 3186 1301 3250 eruar.

183 3299 215 3309 -
404 3297 410 3310 .
491 3276 558 3310 actae
579 3277 595 3311 a
641 3276 670 3310 eo
749 3277 777 3311 ar
795 3277 854 3311 arr.

217 3328 285 3390 541.
318 3297 417 3378 calano
429 3326 483 3378 rua
492 3297 582 3393 ,aaa
593 3329 682 3379 naec.
699 3329 733 3379 V.
746 3329 876 3393 rumpas.
888 3328 906 3378 ι.
917 3329 936 3378 ι.
949 3327 971 3377 1.
985 3332 1024 3388 ιο,
1037 3333 1060 3377 4.
1080 3366 1111 3374 -
1127 3325 1152 3389 s
1179 3323 1302 3386 aare

175 3393 248 3458 supe,
260 3396 296 3444 ai.
305 3394 413 3459 superet,
424 3391 476 3459 βγ.
495 3437 526 3446 ,.
574 3395 675 3459 aecipua
686 3403 728 3456 est,
749 3388 778 3447 θ.
794 3396 928 3461 praecipue,
941 3411 964 3446 a.
978 3393 1120 3459 praecipua,
1134 3395 1150 3442 d
1181 3407 1206 3457 γ.

218 3464 285 3526 §42
312 3461 516 3525 Rasinaecitium,
559 3466 603 3513 ad.
621 3503 652 3512 ..
667 3463 775 3526 fructae,
789 3456 860 3514 eac.
875 3463 975 3527 fructas
991 3456 1122 3526 aarassy.
1142 3501 1172 3509 ..
1196 3457 1303 3521 diversis,

184 3531 209 3580 d.
227 3569 258 3577 -
277 3529 390 3591 materiis,
403 3534 447 3581 ad.
467 3571 499 3580 ..
517 3528 665 3594 oliapaurc,
679 3532 703 3579 d.
722 3572 754 3580 -
771 3538 912 3590 aeramenta,
925 3547 948 3580 a.

219 3598 287 3661 §4³-
313 3597 407 3658 et‚'1'a.
426 3598 514 3649 Omitt
528 3593 600 3664 (Ιβγ.
613 3639 644 3647 ..
656 3598 737 3662 facies
749 3596 924 3660 eaden,'1'ad.
942 3590 1225 3659 eademfcoieassy...
1244 3592 1303 3644 Μα-

186 3663 285 3724 imba-
304 3705 335 3714 -
358 3663 495 3728 incorrupta
506 3673 547 3725 est,
559 3666 595 3716 ita
606 3679 654 3715 nos
666 3667 819 3730 scripsimus.
842 3664 1001 3728 incorruptae,
1013 3664 1046 3713 D.
1068 3661 1209 3725 incorrupte,
1221 3678 1244 3711 a.
1268 3660 1304 3709 ia-

185 3738 301 3795 compta,
313 3734 337 3781 d.
354 3731 501 3796 incorrupta,
512 3728 564 3797 βγ.
578 3773 608 3781 ..
627 3748 678 3793 usa,
691 3749 711 3782 r.
729 3732 788 3793 cau,
800 3735 844 3782 ad.
863 3730 905 3790 vsi,
913 3726 964 3795 βγ.
982 3731 1015 3780 V.
1025 3730 1124 3779 Vitrnu
1137 3728 1171 3778 IL
1185 3735 1208 3787 9,
1223 3734 1262 3778 14.
1273 3768 1304 3777 ..

186 3796 289 3859 moria.
307 3799 386 3861 emori,
398 3796 444 3861 ιβ.
464 3798 606 3859 humori,K.
625 3798 718 3860 maiori,
730 3802 754 3850 d.
772 3840 804 3848 -
829 3797 932 3859 lentiore,
945 3800 968 3848 d.
991 3795 1126 3856 recentiore,
1139 3813 1178 3847 ar.
1203 3795 1305 3858 ἱεητοηζι,

186 3867 283 3926 Dalec,
296 3867 339 3930 qui
351 3874 419 3916 recte
431 3868 533 3931 quidem
544 3867 608 3916 vidit
618 3880 700 3930 nsque
718 3864 813 3914 terruere
824 3867 850 3916 h.
863 3866 880 3915 l.
893 3867 964 3929 iungi
979 3880 1055 3928 posse
1067 3880 1125 3914 eum
1137 3862 1213 3912 colore
1224 3880 1306 3928 neque

187 3930 332 3983 mecoenas
348 3949 405 3983 cum
424 3932 529 3996 liquoris,
547 3943 572 3983 et
587 3934 680 3983 iustam
696 3948 756 3983 sane
768 3947 857 3983 vocem
868 3934 988 3998 reposuit
1008 3933 1047 3982 At
1058 3932 1164 3982 nimium
1176 3934 1278 3983 secessit
1290 3948 1306 3981 a

188 4001 305 4050 codicum
320 4003 451 4065 scriptura,
469 4001 583 4063 mihique
595 4001 742 4065 scripturam
754 4001 869 4050 codicum
880 4015 914 4051 ar
930 4001 1039 4050 intuenti
1050 4001 1117 4050 Plin.
1134 4001 1233 4051 videtur
1244 3999 1306 4050 scri-

188 4067 268 4131 psisse
279 4074 349 4131 atque
361 4067 452 4116 resinae
464 4065 550 4115 batere
561 4082 687 4130 nurrrqaom
699 4064 835 4116 daresceati.
852 4067 940 4131 Atque
951 4076 980 4117 ut
988 4068 1020 4117 ab
1030 4067 1122 4118 ultima
1129 4083 1191 4118 voce
1200 4068 1304 4132 incipia-

190 4149 254 4196 mus,
266 4135 350 4186 littera
360 4152 380 4198 a,
393 4150 469 4199 quam
481 4149 529 4198 ego
542 4135 631 4194 delevi,
643 4142 700 4187 orta
710 4142 749 4184 cst
760 4149 792 4184 ex
804 4135 876 4185 initio
887 4136 1021 4200 proximae
1032 4136 1114 4198 vocis3
1126 4136 1257 4199 genetivus
1268 4148 1305 4181 rc-

189 4200 256 4250 sirae
268 4217 283 4251 a
295 4201 381 4252 lenton
391 4211 465 4267 aptus
478 4203 618 4268 explicatur
629 4202 659 4252 iis
671 4217 737 4265 quae
749 4202 803 4251 dixi
815 4205 847 4253 ad
859 4207 902 4266 ³5,
913 4207 945 4266 3.,
958 4211 987 4254 ut
999 4201 1074 4254 lenta
1085 4203 1178 4254 resinae
1189 4203 1256 4252 idem
1265 4200 1305 4259 sit,

191 4271 261 4332 quod
273 4267 348 4318 lerator
358 4269 474 4320 recinctus
487 4276 527 4333 la,
541 4275 580 4321 54.
600 4310 630 4319 -
650 4268 804 4330 duramenta,
815 4285 837 4321 a.
