2896 4792
460 282 528 327 nra.
545 281 619 329 mx.
649 280 727 325 ear.
744 281 789 326 v1.
820 279 917 326 sacr.
934 281 965 322 aa.
979 281 1011 323 a.
1228 263 1290 327 265

169 433 254 499 latur
273 431 479 508 membranis,
502 454 576 496 mox
600 430 747 516 pluribus
770 439 1011 515 coagmentatur
1032 429 1165 506 nucleis,
1187 440 1219 494 et
1240 429 1290 495 bis

172 532 345 618 separatim
366 531 501 598 vestitis.
532 532 652 617 Asperi
674 531 814 616 saporis,
842 553 908 615 quo
934 530 1042 615 plures
1064 529 1169 596 nuclei
1190 529 1292 606 fraere,

171 634 232 701 boc
253 644 304 701 est
324 632 481 718 asperius.
505 632 665 698 Taedium
678 633 753 698 huic
774 655 904 717 quoque
922 632 1024 697 halitu
1045 642 1081 697 ut
1096 630 1196 716 cepis,
1218 630 1291 697 nul·

171 735 240 801 lum
261 744 366 800 tamen
389 733 498 799 coctis.
522 732 688 800 Generum
708 734 890 799 differentia
910 733 944 798 in
965 743 1118 818 tempore,
1135 787 1173 800 ...
1197 753 1290 816 prae·

172 857 234 902 corr
261 835 446 901 maturescit
475 836 644 922 sexaginta
673 834 805 913 diebus,
833 891 872 899 -
902 845 969 899 tum
997 835 1032 899 in
1059 833 1290 920 magnitudine.

174 935 327 1021 Ulpieum
356 957 484 1020 quoque
518 937 552 1001 in
579 938 640 1004 hoe
673 959 791 1023 genere
819 937 937 1002 Graeci
966 937 1166 1022 appellavere
1193 935 1292 1001 alium
1307 954 1354 998 112

172 1035 342 1122 Cyprium,
363 1037 418 1103 alii
442 1038 658 1123 ἀντιοκόροδον,
681 1038 855 1124 praecipue
871 1038 1002 1103 Affieae
1024 1036 1221 1103 celebratum
1239 1036 1290 1101 in-

172 1149 220 1202 ter
241 1137 454 1222 pulmentaria
475 1139 572 1217 ruris,
594 1140 749 1226 grandius
771 1140 849 1218 alio;
874 1139 984 1204 tritum
1005 1139 1038 1204 in
1060 1138 1129 1204 oleo
1149 1149 1181 1203 et
1200 1147 1291 1203 aceto

171 1238 287 1305 mirum
307 1249 465 1322 quantum
487 1240 638 1306 increscit
660 1262 785 1326 spuma.
809 1239 953 1322 Quidam
973 1240 1117 1325 ulpicum
1140 1250 1171 1304 et
1192 1238 1291 1305 abum

171 1339 205 1405 in
226 1339 327 1426 plano
347 1341 410 1406 seri
432 1351 542 1409 vetant
563 1341 817 1426 castellatimque
838 1342 996 1430 grumulis
1016 1341 1144 1427 inponi,
1167 1341 1291 1407 diman-

172 1439 260 1506 tibus
280 1441 364 1507 inter
387 1464 421 1507 se
442 1443 543 1528 pedes
565 1453 684 1509 ternos.
716 1442 806 1508 Inter
828 1466 929 1530 grana
950 1443 1045 1528 digiti
1066 1465 1115 1507 1111
1135 1443 1292 1511 interesse

172 1542 308 1621 debent,
333 1543 428 1608 simul
449 1553 545 1626 atque
568 1543 634 1608 tria
649 1543 725 1609 folia
746 1544 922 1629 eruperint,
944 1543 1052 1621 sariri3
1075 1543 1292 1629 grandescunt

171 1667 235 1728 quo
269 1644 398 1730 saepius
431 1644 601 1709 sariuntur.
638 1642 925 1710 Matureseentium
952 1644 1059 1709 caules
1087 1642 1355 1730 depressimus

172 1754 292 1810 terram
318 1744 514 1820 obruuntur3
543 1744 588 1809 ita
609 1755 741 1810 cavetur
762 1768 803 1810 ne
824 1746 857 1810 in
878 1746 1024 1811 frondem
1045 1745 1219 1812 luxurient.
1250 1744 1291 1810 In

171 1844 299 1930 frigidis
327 1844 440 1913 utilius.
464 1867 539 1910 vere
567 1846 630 1911 seri
660 1869 758 1930 quam
785 1858 950 1913 autumno.
988 1844 1104 1913 (latero
1129 1857 1169 1911 ut
1194 1845 1292 1913 odore

172 1955 321 2021 careant,
354 1945 461 2012 omnm
488 1945 567 2015 haee
595 1945 747 2011 iubentur
772 1948 834 2013 seri
857 1971 930 2014 eum
950 1948 1027 2014 luna
1050 1947 1220 2013 subterra
1240 1947 1292 2024 sit,

172 2044 279 2133 colligi
308 2069 383 2113 cum
410 2047 446 2112 in
475 2047 568 2112 coitu.
608 2045 686 2113 Sine
708 2048 758 2113 his
778 2048 960 2114 Menander
982 2073 1000 2115 e
1023 2048 1160 2117 Graecis
1181 2057 1293 2114 anctos

172 2156 221 2211 est
247 2146 345 2215 alium
366 2147 551 2227 edentibus,
588 2150 781 2217 siradieem
799 2151 893 2216 betae
913 2151 948 2215 in
968 2174 1073 2238 pruna
1096 2161 1213 2217 tostam
1236 2172 1291 2215 su-

171 2248 367 2332 perederint,
386 2251 519 2315 odorem
539 2251 714 2336 exstingui.
739 2249 824 2316 Sunt
844 2253 902 2336 qui
923 2263 956 2317 et
976 2253 1074 2318 alium
1096 2263 1128 2319 et
1149 2251 1291 2338 ulpicum
1307 2267 1354 2311 114

171 2346 254 2412 inter
282 2349 452 2434 conpilatis
481 2373 520 2416 ac
542 2348 729 2422 Saturnalia
748 2353 812 2418 seri
833 2353 1002 2439 aptissime
1020 2363 1144 2439 putent.
1180 2353 1291 2418 Alium

173 2457 206 2509 et
227 2448 347 2514 semine
368 2451 517 2533 provenit
539 2452 596 2516 sed
618 2452 726 2530 tarde3
749 2455 854 2538 primo
876 2453 962 2518 enim
984 2476 1069 2518 anno
1090 2453 1179 2537 porri
1202 2475 1290 2518 cras-

173 2547 344 2612 situdinem
366 2550 472 2634 capite
495 2551 601 2631 efficit,
626 2553 772 2636 sequenti
794 2553 958 2632 dividitur,
982 2553 1076 2619 tertio
1088 2575 1290 2618 consumma·

173 2658 238 2726 tur,
269 2649 497 2740 pulchriusque
525 2653 588 2722 tale
615 2653 811 2723 existumant
836 2655 977 2738 quidam.
1013 2654 1053 2719 In
1075 2676 1183 2720 semen
1204 2652 1291 2719 exire

171 2772 236 2815 non
257 2749 363 2830 debet,
387 2752 444 2817 sed
465 2753 642 2838 intorqueri
664 2755 766 2821 caulis
787 2766 875 2821 satus
897 2756 1012 2842 gratia,
1033 2767 1071 2820 ut
1091 2767 1189 2841 eaput
1209 2753 1289 2820 vali-

205 2955 290 3034 §.¹¹¹⁸
316 2959 418 3020 metica,
429 2961 518 3019 Dalee.
533 3004 562 3017 .,
580 2971 731 3026 speramur,
742 2966 789 3017 D2.
807 2972 940 3028 metantur,
950 2967 1058 3021 D¹acd
1075 2973 1226 3029 separentur,
1237 2960 1288 3028 ssl'·

173 3063 204 3075 .-
222 3031 652 3087 mantenntverswnomittaedr.
677 3033 715 3087 At
726 3049 749 3082 v.
762 3040 787 3094 8,
800 3037 824 3083 8.
843 3037 919 3092 abo.
942 3041 974 3084 „¹
997 3033 1139 3094 lalanall.
1162 3074 1195 3083 -
1219 3039 1287 3094 “aa

170 3091 312 3207 qpciqce.
338 3135 369 3143 -
392 3095 515 3158 xnus.
538 3097 577 3153 at
587 3114 611 3151 v.
623 3101 758 3164 saepta.
767 3102 826 3152 ntes
838 3103 919 3165 punt.
933 3102 993 3155 vn
1007 3109 1031 3164 4,
1045 3109 1085 3153 n.
1108 3142 1139 3153 -
1167 3099 1289 3159 amaa

203 3242 290 3301 5112.
326 3241 447 3306 vulpium,
463 3248 500 3304 D,
522 3250 565 3312 qui
583 3250 649 3301 infra
665 3249 767 3315 ulpicum
781 3253 864 3305 habet
892 3295 923 3303 -
955 3252 1116 3313 macerae,
1133 3256 1197 3305 aed.
1226 3252 1287 3303 nati

172 3303 348 3368 oKOAPON,
356 3311 452 3377 appel.
463 3313 659 3379 aphrosrorodca
668 3319 736 3368 Pint.
745 3327 773 3368 et
781 3319 900 3371 Schneid.
909 3323 943 3373 ad
952 3322 1082 3385 Theophr.
1093 3321 1110 3375 l.
1119 3321 1136 3371 l
1146 3321 1208 3371 VII.
1214 3329 1238 3382 4,
1247 3326 1287 3371 11.

171 3417 201 3425 -
219 3373 466 3454 celebrater,Appul.
485 3420 517 3430 ..
536 3381 599 3442 rito,
615 3383 670 3434 Kd.
689 3425 720 3435 ..
739 3385 764 3434 in
780 3384 830 3435 oleo
846 3395 869 3437 et
883 3395 957 3449 ocem,
970 3403 1020 3438 om.
1036 3390 1105 3440 Pint.
1123 3429 1154 3437 ..
1173 3387 1288 3447 inaneis

168 3444 275 3522 Appul.⁸
283 3452 405 3506 maceret,
416 3443 527 3512 acdflr.
544 3450 671 3501 Exinritur
682 3451 735 3501 iam
746 3453 790 3503 hic
798 3452 869 3504 loeus
877 3455 916 3514 iis,
928 3470 991 3518 quos
1001 3455 1104 3518 collegit
1111 3455 1220 3519 Krtger.
1229 3455 1288 3505 aaa

168 3509 303 3561 Attractwa
312 3528 336 3576 p.
347 3517 405 3563 sil.
420 3555 450 3565 ..
467 3513 557 3578 imponi
564 3515 648 3578 iubeat,
657 3518 690 3569 K.
704 3559 735 3568 ..
753 3517 822 3582 IIII,
831 3537 851 3571 r.
870 3521 958 3572 Omitt.
969 3517 1086 3587 ecdss73
1098 3531 1157 3581 etv.
1166 3523 1286 3577 Schneid.

168 3580 201 3628 ad
212 3577 350 3631 columen,
362 3580 414 3634 XI.¹
423 3588 447 3642 3,
460 3588 501 3633 20.
520 3624 551 3632 -
570 3584 698 3649 eruperint,
710 3588 752 3636 cd.
770 3595 902 3650 eruperant,
915 3603 961 3652 ar.

201 3672 286 3732 §lla
313 3671 393 3721 mas
409 3656 530 3738 dmremos
547 3686 573 3726 et
589 3678 700 3739 obruunt,
718 3679 770 3728 Τὰ.
796 3719 827 3728 ..
854 3679 945 3742 nuta,
964 3683 1046 3733 omitt.
1063 3699 1107 3733 ac.
1137 3725 1165 3732 -
1196 3681 1286 3744 ceam,

171 3729 291 3813 O'lacd.
318 3738 430 3802 Gaurum,
442 3736 471 3801 β.
492 3783 522 3792 ..
545 3746 632 3793 emata
645 3743 713 3795 coitu.
736 3744 927 3809 Siaeds'qacd.
955 3749 1229 3814 catainmnppul.
1254 3790 1285 3800 -

168 3800 291 3864 redactum,
304 3821 325 3855 c.
346 3847 375 3854 -
395 3814 485 3869 tostum,
498 3826 520 3860 e.

201 3895 216 3955 ς
231 3900 286 3973 tlt.
313 3904 336 3943 et
346 3896 456 3960 υὶρὼιιηι,
468 3904 533 3952 aed.
551 3902 662 3967 ulpicum,
673 3920 699 3969 γ.
712 3947 743 3956 ..
766 3905 862 3971 Opalia,
875 3907 971 3959 Sabell.
986 3951 1015 3958 -
1035 3909 1167 3971 exemere,
1177 3909 1284 3961 Salmas.

167 3970 269 4011 exercit
281 3978 306 4025 p.
319 3969 376 4015 823.
388 3981 411 4014 a
425 3967 455 4017 C.
467 3983 481 4017 o
493 3971 570 4019 veteri
583 3973 676 4021 codice.
694 3974 732 4023 At
744 3989 766 4023 v.
779 3974 909 4038 Theopbr.
922 3977 938 4025 l.
948 3978 965 4026 l.
975 3977 1036 4026 Vll.
1047 3985 1070 4039 4,
1083 3981 1132 4039 ll,
1143 3980 1210 4027 unde
1221 3978 1285 4030 haee

166 4028 314 4104 adverbum
326 4031 454 4110 tramissa.
467 4075 498 4085 ..
517 4038 695 4090 mmeimdiaem
708 4039 786 4104 capite
798 4042 879 4105 efficit,
895 4036 984 4095 Oeed
1002 4042 1159 4093 emsitodine
1167 4052 1240 4108 caput
1249 4046 1284 4111 gf.

159 4093 251 4155 fiatur,
263 4092 292 4156 β.
313 4137 344 4146 ..
363 4107 509 4148 cantaretur
520 4118 537 4149 α
548 4105 693 4167 qmbusdam,
702 4125 722 4158 r.
736 4150 766 4157 -
786 4125 839 4171 aon,
848 4127 898 4160 om.
908 4127 930 4161 e.
944 4152 974 4160 -
993 4110 1153 4174 coniunctus,
1166 4106 1283 4164 oratu·

166 4161 247 4240 emtus
258 4163 460 4242 sativualtigele
473 4177 498 4216 et
510 4169 611 4220 Thoan.
623 4187 664 4236 sp
677 4173 838 4238 salmasium,
848 4180 891 4242 qui
903 4176 981 4227 caules
993 4178 1068 4228 sotius
1079 4195 1109 4228 en
1119 4180 1200 4245 motin
1212 4188 1239 4230 ut
1248 4180 1284 4232 le·

165 4239 209 4290 git.
228 4231 304 4280 corales
315 4239 421 4294 senonas,
433 4228 462 4295 β.
482 4276 512 4283 -
532 4244 563 4298 nt,
579 4231 696 4290 θΤαοᾶ.
715 4242 756 4303 uti,
767 4238 817 4307 βγ.
