2896 4792
206 259 246 321 96
560 271 764 321 NATUBALIS
785 272 981 324 ntsroman

204 436 260 491 aut
282 444 467 509 naporum,
489 435 521 487 et
542 423 702 508 exprimat
722 436 778 489 aut
798 448 1006 513 conpressum
1028 440 1132 495 necet.
1161 427 1235 497 Hoc
1257 454 1327 497 ma·
1344 448 1392 496 tos
1439 502 1444 521 Ι

204 546 302 589 xume
328 522 506 588 cavendum
534 534 570 587 ut
597 525 782 609 praevalide
812 526 1002 612 accipientis
1030 539 1145 595 trunco
1167 529 1202 597 iu
1223 532 1330 598 media

203 627 320 692 fissura
339 625 530 709 relinquant.
567 623 708 707 Quidam
730 627 870 716 vestigio
890 628 1026 696 fissurae
1046 629 1127 698 falce
1148 631 1184 697 in
1205 636 1329 701 mincis

204 727 291 793 lacto
306 726 403 793 salice
417 726 600 814 praeligant
614 727 792 815 marginem
805 729 929 815 ipsum,
953 741 1065 815 postea
1078 755 1197 799 cuneos
1211 735 1327 822 figunt,

204 829 388 895 continente
409 827 538 893 vinculo
558 827 738 895 libertatem
759 829 957 897 dehiscendi.
987 829 1157 913 Quaedam
1177 834 1212 899 in
1232 837 1328 921 plan·

203 930 284 996 tario
305 929 401 995 insita
423 928 536 995 eodem
558 929 610 995 die
632 932 877 997 transferuntur.
901 928 939 997 Si
961 934 1100 1000 crassior
1122 946 1253 1002 truncus
1273 937 1326 1002 in-

204 1044 340 1108 seratur,
362 1030 446 1096 inter
467 1031 614 1097 corticem
630 1042 662 1096 et
674 1031 799 1119 lignum
813 1032 913 1099 inseri
928 1035 1055 1114 melius,
1077 1059 1181 1103 cuneo
1194 1049 1326 1124 optume

201 1156 305 1211 osseo,
326 1154 367 1197 ne
390 1130 507 1196 cortice
528 1143 696 1218 rumpatur
715 1133 831 1201 laxato.
866 1130 980 1200 Gerasi
1006 1135 1088 1202 libro
1111 1138 1243 1224 dempto
1263 1139 1325 1207 fin-
1341 1159 1389 1204 rto

201 1237 338 1311 duntur3
359 1231 421 1298 hae
443 1232 527 1297 solae
549 1244 582 1298 et
602 1244 676 1318 post
698 1232 845 1299 brumam
866 1234 1060 1302 inseruntur.
1082 1235 1229 1324 Dempta
1241 1240 1325 1306 libro

200 1336 321 1402 habent
342 1332 440 1399 veluti
461 1333 646 1421 lanuginem
669 1356 762 1418 quaa,
790 1335 818 1403 si
841 1336 1072 1421 conprehendit
1091 1337 1234 1420 insitum,
1262 1364 1326 1427 pu·

201 1435 340 1504 trefacit„
383 1433 549 1501 Incolume
582 1457 685 1501 cuneo
717 1436 869 1502 adactum
900 1437 1069 1505 utilissime
1100 1439 1324 1528 adstringitur.

200 1540 349 1605 Inserere
372 1534 575 1622 aptissimum
595 1557 692 1620 quam
714 1559 870 1622 proxuma
885 1549 1000 1618 terrae,
1023 1540 1050 1605 si
1064 1540 1207 1626 patiatur
1220 1544 1324 1611 nodo-

199 1665 271 1707 rum
294 1638 463 1721 truncique
484 1637 577 1702 ratio.
600 1637 753 1705 Eminere
775 1638 889 1705 calami
911 1663 968 1706 aex
991 1641 1166 1729 digitorum
1179 1643 1323 1731 longitu-

200 1743 275 1808 dine
296 1763 361 1805 non
382 1737 519 1823 amplius
541 1737 667 1803 debent.
703 1735 786 1804 Cato
812 1739 943 1827 argillae
970 1741 1021 1806 val
1043 1753 1150 1808 cretae
1170 1742 1324 1813 harenam
1339 1764 1383 1807 ιιι
1435 1732 1439 1739 ’

198 1844 373 1925 fimumque
404 1836 561 1903 bubulum
593 1838 746 1904 admiscet
771 1850 867 1923 atque
893 1841 939 1905 ita
966 1863 1068 1925 usque
1095 1843 1137 1908 ad
1167 1844 1323 1911 lentorem

201 1942 308 2030 subigi
329 1940 418 2006 iubet
437 1939 534 2023 idque
555 1939 716 2024 interponi
738 1950 771 2006 et
792 1941 980 2007 circumlini.
1007 1942 1062 2009 Ex
1083 1944 1124 2010 iis
1145 1966 1230 2029 quae
1243 1969 1322 2013 con·

199 2055 361 2113 mentatus
384 2052 434 2107 eet
459 2039 552 2107 facile
580 2041 715 2127 adparet
742 2042 797 2107 illa
818 2054 922 2109 aetate
943 2044 1027 2111 inter
1048 2045 1172 2133 lignum
1195 2060 1227 2115 et
1248 2071 1322 2113 cor-

200 2149 294 2214 ticem
317 2165 378 2210 nec
399 2141 462 2209 alio
483 2141 577 2209 modo
597 2141 739 2208 inserere
768 2143 896 2222 solitos,
929 2156 985 2209 aut
1011 2146 1095 2211 ultra
1120 2148 1323 2215 latitudinem

198 2252 298 2315 duum
319 2245 493 2331 digitorum
515 2243 653 2309 calamos
680 2243 857 2311 demittere.
893 2243 999 2311 Inseri
1025 2258 1133 2314 autem
1160 2251 1385 2336 praecipitur

198 2351 271 2438 pira
290 2369 330 2413 ao
350 2345 434 2413 mala
454 2367 513 2431 per
533 2367 591 2412 ver
612 2356 644 2410 et
665 2367 724 2430 per
745 2344 917 2421 solstitium
939 2345 1053 2413 diebus
1073 2371 1093 2413 n
1115 2360 1148 2415 et
1167 2372 1227 2435 per
1247 2349 1321 2416 rin-

199 2451 348 2526 demiam,
375 2447 461 2514 oleas
482 2457 593 2513 autem
614 2456 645 2513 et
665 2446 744 2514 ficos
766 2469 903 2532 per‘ver
925 2456 1066 2527 tantum,
1095 2449 1172 2515 luna
1193 2449 1321 2518 sitiente

200 2551 263 2618 hoc
285 2561 334 2616 est
357 2548 453 2628 sicca,
475 2558 643 2634 praeterea
663 2559 738 2634 post
760 2547 925 2614 meridiem
947 2571 986 2615 ac
1007 2550 1076 2615 sine
1091 2561 1186 2617 vento
1200 2562 1320 2619 austro.

200 2650 323 2717 Mirum
344 2650 432 2735 quod
452 2673 517 2717 non
539 2660 708 2717 contentus
729 2648 861 2716 insitum
882 2650 1036 2730 munisse,
1058 2664 1095 2717 ut
1115 2651 1238 2718 dictum
1260 2664 1320 2732 est,

200 2764 232 2823 et
258 2751 400 2846 caespite
433 2749 474 2817 ab
506 2750 608 2820 imbre
639 2750 879 2840 frigoribusque
906 2752 1085 2838 protexisse
1111 2775 1150 2818 ac
1171 2754 1322 2824 mollibus

234 2977 306 3030 meet,
318 2984 341 3018 a
354 2958 397 3036 sslf
403 2965 447 3025 Et.
459 2969 482 3017 u.

233 3036 249 3098 ξ
263 3042 319 3087 109.
345 3033 481 3094 cauendum,
493 3048 516 3083 a
531 3029 729 3097 praecauendum,
743 3029 813 3098 ᾱβγ.
832 3074 862 3083 ..
887 3041 925 3096 ut;
937 3049 984 3098 pro
996 3034 1022 3084 h.
1035 3050 1059 3083 v.
1071 3034 1166 3083 habent
1177 3029 1274 3094 in'adl,
1291 3050 1320 3083 ne

199 3103 224 3152 in
236 3104 308 3154 Td2.
333 3143 364 3151 ..
383 3099 533 3165 praecalido,
546 3101 578 3150 T.
595 3142 626 3149 -
645 3099 782 3163 accipiente,
794 3101 826 3150 Κ.
847 3137 878 3150 .-
901 3099 1043 3165 relinquant,
1058 3094 1176 3151 OTadr.
1199 3100 1320 3164 relinqua-

200 3166 309 3235 ωηβγ.
329 3210 359 3217 -
382 3167 546 3229 Quidermad.
566 3209 596 3217 ..
608 3166 708 3230 sulcen,
721 3185 744 3217 a.
763 3209 794 3216 -
818 3167 903 3231 ipream,
915 3171 946 3218 T.
966 3210 996 3218 ..
1012 3167 1120 3231 findunt,
1136 3161 1235 3218 Orac.
1262 3169 1319 3231 refi-

197 3245 265 3302 punt,
276 3238 366 3288 Dalec.
384 3276 416 3285 -
430 3234 559 3300 plantatio,
571 3237 616 3285 ad.
635 3275 666 3284 ..
684 3251 721 3297 ne,
734 3236 816 3285 omitt.
828 3237 874 3285 ad.
892 3277 924 3287 ...
943 3243 1023 3285 cortes
1034 3243 1159 3299 rumpatur
1170 3234 1273 3296 lucatur,
1285 3237 1320 3289 Κ.

234 3308 320 3370 §llo
337 3302 483 3365 funduntur,
496 3319 519 3353 a.
538 3344 570 3354 ..
587 3301 688 3364 lacau.
710 3343 735 3350 -
756 3301 870 3364 velutin.
893 3302 970 3366 quati,
983 3305 1037 3355 Tu.
1056 3343 1086 3353 ..
1111 3302 1319 3365 comprelcnderit,

200 3375 223 3423 d.
243 3413 274 3421 ..
291 3370 442 3435 putrefacito,
455 3386 478 3420 a.
492 3410 519 3420 ..
540 3368 666 3431 Incolume,
679 3371 741 3419 adr.
759 3368 881 3429 Incolumi,
892 3366 921 3432 β.
947 3368 1077 3429 Vinculum,
1090 3370 1211 3421 Schneid.
1222 3374 1256 3421 ad
1268 3370 1320 3422 00·

199 3440 297 3489 lumell.
310 3438 357 3487 1v.
370 3444 410 3498 29,
426 3443 571 3501 10.p.221.
591 3479 622 3486 -
644 3436 950 3498 eductauitildmfflalec.
973 3479 1003 3489 ..
1028 3437 1145 3502 proxime,
1158 3439 1211 3486 Ta
1235 3438 1320 3502 proxi·

199 3523 268 3567 mum,
282 3501 351 3570 ᾱβγ.
370 3547 401 3554 -
420 3504 449 3565 ei,
464 3521 514 3554 om.
527 3522 550 3556 a.
570 3546 601 3554 ..
619 3503 741 3564 nudorum,
753 3521 776 3554 a.
796 3546 827 3553 -
845 3503 992 3565 calamicca,
1004 3509 1027 3556 d.
1047 3504 1147 3554 calamis
1158 3521 1171 3553 c
1182 3503 1239 3563 Za,

233 3577 319 3639 §tlt
349 3572 408 3623 Cato
419 3576 450 3623 de
461 3588 488 3622 rc
499 3581 560 3622 rust
574 3577 614 3632 to,
628 3579 651 3622 2.
665 3613 695 3621 ..
714 3570 822 3633 tautum,
835 3588 858 3621 a.
877 3611 907 3620 -
926 3569 1046 3628 admiscet,
1059 3575 1104 3622 ad.
1122 3570 1255 3634 admisceri,
1266 3568 1319 3637 βγ.

201 3683 231 3691 -
244 3641 327 3700 subici,
337 3642 360 3690 d.
375 3682 406 3690 -
424 3639 702 3704 superponendae...
722 3637 799 3700 lias„
811 3680 842 3688 -
862 3636 1016 3701 altitudinem,
1028 3641 1118 3690 Dalec.
1133 3681 1163 3689 -
1182 3640 1319 3702 cubitorum,

199 3712 223 3760 d
242 3751 273 3758 -
291 3707 414 3764 dimittere,
426 3725 449 3758 a.

234 3776 319 3838 §lta
343 3774 462 3839 praecipit
473 3777 503 3824 de
515 3790 542 3824 re
553 3783 614 3824 rust.
628 3781 668 3834 41,
684 3780 706 3823 1.
731 3814 762 3823 ...
786 3789 832 3838 per
842 3771 1052 3838 arbitrum-per
1062 3771 1213 3833 vindemiam,
1223 3775 1320 3825 Ponte·

171 3858 176 3867 ·
200 3845 260 3895 dera
271 3845 397 3907 antiquitt.
411 3858 434 3905 p.
449 3848 488 3892 53.
501 3850 527 3891 et
538 3841 659 3892 Schneid.
683 3848 738 3904 poet
748 3838 910 3903 aolrt.-poat
924 3838 997 3902 vind,
1014 3837 1106 3906 addr.
1130 3882 1162 3891 ..
1190 3849 1220 3902 et,
1236 3843 1319 3893 omitt.

199 3914 244 3961 ad.
263 3953 293 3961 ..
314 3918 398 3968 autem,
412 3925 462 3958 om.
475 3912 500 3959 d.
519 3949 550 3957 ..
568 3907 657 3968 silente,
669 3909 735 3958 Pint.
750 3949 780 3957 ..
799 3915 825 3956 ut
836 3905 921 3956 dictum
935 3907 994 3968 θείς
1009 3913 1065 3958 111.
1079 3950 1109 3957 ..
1120 3908 1214 3971 saraca,
1226 3912 1272 3959 ad.
1287 3950 1317 3958 ..

199 3976 370 4041 labae-eat,
383 3978 451 4028 delet
461 3977 605 4026 Pontedera
615 3976 633 4024 l.
645 3975 663 4023 l.
687 4015 717 4023 ..
744 3974 816 4025 Nunc
832 3983 910 4023 autern
926 3975 1019 4034 arbitr,
1034 3977 1067 4025 Κ.
1092 4017 1123 4025 ..
1142 3975 1247 4037 sarcire,
1264 3979 1319 4027 Da.

199 4045 297 4104 sarcire,
311 4041 382 4109 (Ιβγ.
410 4045 469 4093 Vid.
483 4049 523 4102 36,
538 4046 594 4093 172.
619 4083 649 4093 ..
678 4040 744 4093 libro.
760 4036 860 4091 orae.
888 4040 1080 4102 librrrm,Dalec.
1108 4039 1250 4108 litmaflr.
1276 4047 1319 4095 Ex

199 4113 272 4160 nulla
287 4114 377 4162 harum
395 4112 533 4160 lectionum
550 4118 624 4172 aptus
641 4108 749 4158 efficitur
759 4124 856 4169 sensas,
874 4124 1027 4174 quamquam
1041 4118 1066 4160 et
1077 4111 1154 4160 Huet.
1167 4113 1235 4175 apud
1246 4112 1318 4161 Brot.

200 4187 225 4228 et
236 4180 314 4228 Hard.
327 4181 441 4229 certatim
453 4193 496 4229 eas
508 4185 568 4228 sunt
578 4177 740 4240 interpretati.
767 4177 803 4226 Ut
814 4178 881 4226 enim
893 4178 957 4227 nihil
970 4179 1051 4227 dicam
1064 4181 1095 4228 de
1109 4180 1203 4229 omisso
1217 4180 1318 4229 obiecto

199 4253 225 4295 et
236 4249 268 4297 de
278 4247 371 4310 plurali
382 4260 487 4295 numero
498 4243 579 4305 imas,
590 4245 646 4308 quis
657 4259 778 4307 umquem
791 4245 918 4308 explicare
929 4246 1017 4309 possit,
1034 4246 1094 4308 quid
1111 4246 1143 4295 sit
1157 4245 1255 4309 paleato
1270 4245 1320 4295 luto
