2896 4792
188 284 248 347 192
541 296 744 343 utrumme
767 296 962 343 msronmn

186 465 297 519 terras.
336 447 489 514 Chaldaei
525 447 692 531 Assyriam
723 458 757 512 et
789 446 1001 530 Babyloniam
1032 445 1308 513 demonstrabunt.

186 553 345 628 Africam,
378 548 572 634 Hispanias,
607 546 731 613 Gallias
760 547 845 612 sileri
874 570 937 613 non
965 547 1026 612 erit
1053 549 1167 612 mirum
1174 573 1183 625 ;
1213 572 1308 614 nemo
1322 567 1371 611 mo

185 655 271 720 enim
292 650 476 718 observavit
496 649 530 712 in
552 649 613 727 his,
637 649 692 732 qui
712 649 866 735 proderet
888 648 1029 713 siderum
1051 662 1190 714 exortus.
1233 651 1308 716 Non

186 770 292 820 tamen
314 751 435 817 difficili
456 750 578 815 ratione
600 750 830 836 dignoscentur
849 749 883 814 in
904 749 967 814 illis
990 771 1117 834 quoque
1140 753 1236 817 terris
1258 753 1307 817 di-

185 856 332 946 gestione
361 852 551 918 circulorum
580 873 677 935 quam
702 852 735 915 in
764 860 855 916 sexto
880 850 1040 916 volumine
1066 852 1216 931 fecimus,
1243 875 1326 938 qua

185 956 333 1044 cognatio
361 952 456 1030 caeli,
489 974 555 1016 non
582 952 727 1037 gentium
755 950 865 1030 modo,
894 973 1006 1017 verum
1028 951 1158 1017 urbium
1178 975 1307 1039 quoque

185 1056 383 1146 singnrlarum
403 1052 611 1140 intellegitur.
647 1052 739 1140 Ergo
761 1075 801 1118 ex
822 1052 873 1117 his
902 1052 994 1118 terris
1021 1073 1102 1136 quas
1128 1056 1306 1121 nominavi-
1321 1071 1370 1118 217

184 1181 257 1224 mus
279 1165 407 1241 sumpta
425 1154 627 1219 convexitate
655 1153 766 1219 circuli
791 1154 982 1240 pertinentis
1004 1154 1046 1218 ad
1065 1176 1148 1240 quas
1169 1157 1307 1241 quisque

184 1269 317 1345 quaeret
336 1267 455 1333 terras,
478 1255 575 1318 iidem
594 1265 687 1319 erunt
706 1254 847 1320 siderum
867 1265 998 1320 exortus
1012 1278 1071 1341 per
1085 1258 1227 1321 omnium
1243 1259 1306 1322 cir-

185 1361 329 1428 evdorum
362 1356 451 1443 paris
490 1354 631 1420 umbras.
664 1355 875 1420 Indicandum
908 1367 940 1420 et
970 1356 1067 1435 illud,
1101 1369 1307 1444 tempestates

183 1464 270 1549 ipsos
298 1458 444 1525 cardines
472 1479 547 1522 suos
575 1456 692 1522 habere
719 1456 885 1540 quadrinis
912 1457 1003 1521 annis
1035 1467 1068 1523 et
1089 1459 1221 1524 easdem
1241 1483 1306 1525 non

182 1584 300 1651 magna
321 1559 501 1625 differentia
522 1558 640 1623 reverti
667 1558 789 1623 ratione
813 1558 904 1636 solis,
934 1559 1058 1624 octonis
1087 1581 1164 1624 vero
1192 1563 1304 1648 augeri

182 1663 328 1740 easdem,
357 1659 531 1726 centesima
552 1660 736 1725 revolvente
758 1681 793 1724 se
814 1661 900 1724 luna.

225 1766 276 1830 58.
299 1760 416 1828 Omnis
437 1771 546 1825 autem
567 1760 650 1825 ratio
672 1759 842 1826 observata
863 1769 911 1825 est
934 1760 1036 1825 tribus
1054 1761 1168 1839 modis,
1190 1776 1366 1829 exorturis

183 1865 324 1931 siderum
344 1883 524 1946 occasuque
540 1873 572 1926 et
584 1861 729 1947 ipsorum
744 1872 924 1947 temporum
941 1861 1137 1929 cardinibus.
1160 1861 1303 1929 Exortus

183 1986 379 2049 occasusque
400 1962 487 2028 binis
509 1962 611 2027 modis
627 1962 865 2049 intelleguntur.
887 1961 959 2028 Aut
972 1964 1057 2029 enim
1072 1963 1214 2030 adventu
1228 1966 1303 2031 solis

182 2068 380 2134 occultantur
403 2064 511 2131 stellae
533 2075 566 2129 et
581 2065 721 2150 conspici
735 2064 897 2142 desinunt,
919 2075 976 2129 aut
991 2065 1135 2130 eiusdem
1149 2066 1302 2132 abscessu

182 2167 350 2253 proferunt
376 2188 428 2242 se;
462 2221 502 2231 ..
535 2188 694 2231 emersum
719 2165 780 2230 hoc
800 2164 917 2231 melius
938 2186 1035 2249 quam
1056 2179 1203 2232 exortum
1226 2191 1300 2234 con-

183 2267 319 2333 suetudo
339 2266 485 2345 dixisset,
508 2277 540 2333 et
552 2266 633 2332 illud
646 2266 891 2333 occultationem
904 2268 1012 2353 potius
1026 2289 1124 2352 quam
1137 2291 1300 2344 occasum3

183 2422 224 2434 -
239 2369 301 2434 alio
316 2369 420 2447 modo,
442 2389 506 2452 quo
521 2367 574 2433 die
588 2367 747 2453 incipiunt
761 2369 915 2453 adparere
929 2369 981 2433 vel
996 2369 1158 2448 desinunt,
1180 2371 1363 2436 orientem

183 2471 325 2557 soleant
346 2469 522 2547 occidente,
550 2469 699 2534 matutini
721 2469 936 2554 vespertinive
958 2471 1184 2556 cognominati,
1207 2483 1302 2557 prout

182 2571 335 2636 alteruter
362 2592 472 2636 eorum
499 2592 592 2636 mane
619 2571 671 2636 vel
700 2569 888 2656 crepusculo
915 2564 1080 2656 contingit.
1116 2571 1301 2636 Dodrantes

182 2671 332 2738 horarum
354 2694 427 2737 cum
448 2671 625 2737 minumum
653 2670 821 2737 intervalla
848 2693 886 2735 ea
913 2670 1094 2736 desiderant
1122 2683 1196 2737 ante
1225 2672 1301 2737 solis

182 2784 287 2839 ortum
308 2774 360 2838 vel
381 2782 457 2859 post
477 2793 642 2850 occasum,
669 2782 705 2836 ut
733 2770 856 2856 adspici
883 2771 1016 2857 possint.
1052 2771 1224 2839 Praeterea
1251 2773 1301 2838 bis

182 2874 340 2959 quaedam
362 2873 547 2939 exoriuntur
568 2885 600 2938 et
621 2874 781 2950 occidunt,
803 2872 971 2956 omnisque
992 2896 1095 2939 sermo
1117 2875 1158 2939 de
1180 2874 1229 2939 his
1252 2885 1301 2940 est

182 2975 282 3040 stellis
302 2996 383 3059 quas
404 2973 578 3039 adhaerere
600 2975 688 3040 caelo
709 2974 859 3039 diximus.

225 3076 276 3140 59.
301 3071 409 3141 Cardo
431 3084 608 3160 temporum
624 3074 857 3160 quadripertita
870 3073 945 3138 anni
960 3075 1161 3141 distinctione
1176 3085 1300 3140 constat
1313 3088 1364 3134 220

219 3244 464 3310 morabatinum,
476 3264 499 3299 a.

217 3317 303 3379 5216.
320 3314 505 3378 Ηὶφανιὶανπ,τ.
524 3358 555 3366 -
578 3315 728 3373 Gallicam.
747 3356 777 3364 -
797 3315 973 3378 obseruabiqa
987 3311 1298 3379 -1ιὶε,ε.ἰιζς,ι1βγ.-

181 3380 293 3446 proderet
303 3380 413 3434 siderum
425 3386 470 3433 ad.
492 3383 595 3433 aderam
605 3382 726 3448 proderet,
737 3379 788 3447 βγ.
808 3424 838 3433 -
862 3381 1020 3445 demantur,
1032 3397 1055 3433 a.
1075 3423 1105 3432 ...
1124 3382 1263 3447 depectione,
1275 3399 1299 3432 a.

185 3489 216 3499 ..
229 3465 308 3513 quom,
321 3451 345 3498 d.
362 3451 427 3513 quia,
438 3466 462 3500 a.
482 3492 512 3501 -
531 3453 644 3514 qaa‚ad.
662 3449 781 3514 quoniam,
793 3468 812 3500 r.
832 3491 862 3499 -
881 3451 988 3514 caprina,
1000 3467 1020 3499 r.

217 3519 232 3581 §
245 3520 303 3567 217.
320 3515 396 3580 Ενρο,
409 3519 481 3568 Tad.
499 3526 564 3578 nota,
574 3514 626 3582 βγ.
638 3559 669 3568 ..
689 3526 794 3581 quaeret,
805 3519 859 3568 Td.
877 3525 980 3580 quercet,
992 3533 1015 3567 a.
1029 3556 1059 3564 -
1079 3513 1148 3563 iidem
1160 3520 1234 3574 erunt,
1247 3515 1299 3565 Td.

183 3582 318 3645 odacrum,
331 3601 353 3634 a
381 3583 549 3646 acdeorum,
565 3581 615 3649 βγ.
634 3625 665 3635 ..
688 3584 870 3645 cardinensem,
886 3585 954 3634 Pint
965 3585 1088 3648 probante
1100 3582 1254 3633 Schneidero
1267 3585 1299 3631 ad
1338 3642 1340 3646 Ι

184 3652 321 3704 Columell.
333 3651 383 3701 ΙΙΙ,
397 3654 420 3711 7,
433 3659 457 3701 t.
475 3653 573 3701 arborea
583 3668 645 3712 eros,
658 3669 680 3702 a.
698 3653 796 3701 arborea
806 3667 871 3711 mos,
882 3654 906 3702 d.
924 3649 1024 3699 ardores
1034 3664 1096 3709 eaor,
1107 3645 1157 3711 βγ.

217 3722 303 3784 5218.
320 3717 443 3778 cratian.
464 3759 490 3768 ..
511 3718 743 3781 semimersam.
760 3718 1018 3779 aeinemerram,Td.

217 3785 303 3847 5219.
329 3783 500 3841 aliaBarbar.
526 3786 581 3847 ullo,
594 3789 638 3836 ad.
662 3828 692 3836 ..
719 3802 770 3836 cam
782 3784 828 3847 die,
844 3786 911 3837 Pint.
930 3825 962 3833 -
988 3782 1109 3843 alteruter,
1126 3784 1157 3833 Τ.
1183 3783 1299 3846 alterutri,

183 3855 248 3917 adr.
266 3852 395 3911 alterutra,
406 3848 435 3913 β.
454 3894 485 3902 -
504 3853 607 3917 certabit,
620 3871 642 3904 a
661 3895 692 3904 ..
711 3851 840 3914 deciderat,
852 3868 875 3903 a.

217 3923 302 3985 5220.
326 3919 543 3983 quadripertitae.
570 3919 757 3984 quadripartito,
774 3914 846 3982 ᾶβγ.
864 3959 895 3968 -
923 3926 946 3968 et
961 3926 1085 3981 eaproter,
1097 3935 1119 3968 a.
1145 3927 1300 3982 exaequatur,

184 3989 239 4037 Td.
257 4027 288 4036 ..
312 3986 401 4048 daun,
419 4005 442 4037 a.
469 3995 491 4036 et
507 3988 532 4036 ia
548 3987 636 4048 diebea,
653 3988 706 4038 Td.
724 4027 754 4036 ..
780 3984 900 4046 ἀάιι,αὼ
928 3984 1023 4045 driade,
1040 3983 1091 4050 βγ.
1108 4028 1139 4036 -
1161 3990 1299 4047 ποοεε,α(1.

185 4094 213 4104 ..
239 4053 360 4114 XCIIII,
376 4058 420 4104 ad.
451 4053 558 4116 XCIII,
575 4050 604 4116 β
630 4052 722 4113 XCV,
739 4067 764 4117 r.
789 4094 820 4102 -
847 4051 971 4117 diebusque
988 4051 1070 4104 XCII
1085 4053 1149 4103 boris
1165 4053 1298 4116 duodecim

184 4122 246 4170 haec
262 4123 339 4172 verba
355 4123 380 4171 in
393 4123 510 4172 omnibus
522 4125 593 4172 codd.
607 4130 631 4171 et
641 4117 663 4182 β
674 4122 768 4170 omissa
779 4136 826 4170 nos
838 4122 988 4172 inseruimus
1001 4138 1034 4171 ex
1045 4124 1190 4172 coniectura
1201 4124 1298 4172 Patavii

184 4190 316 4252 uranolcg.
329 4195 353 4246 2,
367 4195 389 4238 5.
407 4205 432 4252 p.
445 4197 499 4252 la,
516 4191 672 4240 Pontederae
687 4189 815 4252 antiquitt.
832 4205 857 4253 p.
869 4195 928 4240 888.
945 4200 971 4239 et
987 4189 1133 4241 Schneider-i
1150 4193 1181 4239 ad
1199 4191 1326 4245 Pallads

184 4269 209 4318 p.
222 4263 275 4316 64„
299 4272 356 4306 cnm
373 4257 490 4307 lacunam
508 4259 534 4307 in
551 4258 591 4307 his
608 4257 691 4306 verbio
706 4256 789 4307 inesse
805 4258 871 4308 clare
887 4265 1007 4322 appareat
1023 4259 1114 4320 hicque
1130 4272 1250 4307 numerus
1267 4273 1299 4306 ex
