2896 4792
193 272 258 338 350
545 286 750 335 uarumnrs
771 285 967 335 mesonma

193 437 369 504 hementior
395 435 480 500 ustio
502 437 665 514 timeatur,
688 458 747 520 per
767 435 906 520 duplicis
927 457 1062 522 pannos.
1102 434 1251 504 Utuntur
1279 461 1324 506 eo
1340 457 1394 502 aas

192 549 226 604 et
247 537 287 602 ad
310 534 469 622 alopecias
490 556 564 600 eum
592 534 737 612 rubrica,
759 558 883 621 psoras,
904 537 1023 623 lepras,
1045 536 1242 624 phthiriasis,
1266 550 1323 607 te-

193 639 326 715 tanicos,
352 634 618 721 opisthotonicos3
646 636 807 722 inungtmt
823 656 957 722 ‘quoque
980 635 1110 704 scabras
1136 661 1237 726 genas
1259 650 1324 706 aut

193 736 362 826 caligantis
389 735 498 802 oeulos
521 757 595 802 cum
616 735 725 813 melle,
754 758 917 820 sucusque
944 737 1047 804 tribus
1072 738 1176 804 modis
1203 741 1322 825 expri-

192 841 291 906 mitur
311 839 344 904 in
366 836 458 903 fictili
480 837 673 920 calescitque
688 837 721 905 in
743 858 782 902 eo
797 839 863 904 sole
884 838 1018 904 modice.
1051 836 1131 903 Exit
1152 852 1183 906 et
1203 863 1322 908 ecau·

191 942 286 1008 honlo
318 960 415 1005 sucus
449 937 572 1004 lactens
603 937 659 1021 qui
690 939 737 1003 ita
762 960 836 1004 eum
865 939 1009 1005 induruit
1035 940 1181 1007 dentium
1209 941 1321 1008 dolori

191 1043 346 1108 medetur.
380 1039 549 1106 Semenae
567 1037 662 1104 radix
683 1061 757 1105 cum
776 1040 992 1107 inmadusrint
1012 1052 1119 1107 musto
1140 1028 1320 1111 conterun-
1335 1059 1389 1106 aco

190 1159 244 1212 tur
271 1163 450 1225 manusque
480 1140 595 1227 plenae
623 1161 774 1206 mensura
799 1143 969 1210 sorbentur
1003 1144 1045 1208 ad
1079 1143 1320 1210 confirmandas

189 1245 303 1322 faucis,
326 1241 536 1319 stomachum,
558 1240 678 1320 oeulos,
701 1255 800 1328 eaput
814 1265 992 1328 sensusque
1007 1245 1121 1321 omnis,
1142 1245 1319 1310 mulierum

190 1346 288 1412 etiam
309 1343 530 1422 lassitudines,
557 1339 766 1409 saluberrimo
787 1367 907 1432 genere
934 1345 1122 1411 medicinae.
1161 1342 1320 1411 Calculus

188 1467 315 1531 quoque
337 1443 470 1511 discutit
490 1453 604 1530 potum
623 1444 658 1509 in
679 1455 772 1511 aceto
778 1469 788 1521 3
810 1445 957 1512 inlinitur
971 1458 1004 1512 et
1016 1445 1173 1515 livoribus
1187 1447 1318 1534 suggil-

188 1547 327 1630 latisque
349 1568 423 1612 eum
451 1544 600 1611 melleet
620 1544 716 1631 adipe
738 1545 886 1612 anserino
906 1556 963 1612 aut
984 1569 1059 1613 cera
1081 1544 1215 1632 Cypria.
1256 1545 1319 1612 Fit

189 1658 222 1712 et
242 1647 348 1713 oleum
370 1667 412 1712 ex
434 1667 471 1711 eo
493 1646 614 1712 semine
634 1646 813 1712 madefacto
838 1648 872 1711 in
892 1647 963 1713 oleo
985 1665 1217 1733 expressoque,
1247 1669 1318 1731 quo

188 1759 323 1814 utuntur
348 1747 393 1812 ad
419 1768 592 1813 nervorum
616 1747 742 1832 rigores
769 1747 1014 1833 lumborumque
1041 1760 1076 1814 et
1101 1748 1319 1814 coxendicum

188 1847 475 1935 etperlrietiones.

231 1952 283 2016 88.
311 1947 442 2035 Sinapis
468 1957 617 2013 naturam
645 1947 842 2034 effectusque
875 1950 1004 2016 eosdem
1024 1949 1144 2016 hahere
1176 1949 1318 2017 traditur
1331 1966 1382 2012 241

188 2049 306 2115 adarca
329 2049 412 2113 inter
433 2047 593 2115 silvestria
615 2047 719 2127 dicta,
746 2051 782 2115 in
803 2050 922 2116 cortice
943 2051 1135 2116 calamorum
1158 2048 1218 2116 sub
1240 2049 1320 2136 ipsa

189 2171 280 2215 coma
301 2170 447 2214 nascens.

231 2250 283 2315 89.
304 2247 509 2316 Marrubium
523 2249 668 2335 plerique
681 2248 764 2314 inter
778 2249 899 2336 primas
913 2250 1031 2316 herbas
1046 2249 1318 2330 coumendavere,

188 2349 275 2434 quod
297 2346 417 2416 Graeci
438 2348 570 2435 prasion
591 2359 717 2427 vocant,
737 2349 793 2415 alii
815 2349 1050 2436 linostrophon,
1072 2351 1217 2416 nonnulli
1239 2351 1318 2437 phi-

187 2450 323 2536 lopaeda
348 2461 406 2515 aut
430 2449 650 2537 philochares,
681 2451 789 2519 notius
824 2474 921 2535 quam
955 2461 991 2517 ut
1016 2451 1224 2517 indieandum
1259 2451 1318 2518 sit.

188 2550 297 2618 Huius
322 2552 398 2618 folia
419 2574 591 2636 semenque
613 2553 749 2620 contrita
769 2564 905 2640 prosunt
926 2564 1037 2619 cenna
1059 2550 1230 2637 serpentis,
1253 2574 1317 2639 pe-

188 2664 310 2718 ctorum
325 2664 359 2718 et
371 2648 631 2733 lateris'dolores,
649 2654 762 2719 tussim
773 2663 926 2731 veterem,
949 2665 980 2719 et
993 2653 1034 2719 iis
1050 2654 1105 2737 qui
1120 2653 1318 2740 sanguinem

221 2826 291 2888 ustio,
304 2820 434 2876 susae.
457 2824 535 2889 cripe,
546 2824 651 2875 Barbar.
662 2820 692 2886 β.
711 2865 742 2874 ..
762 2823 862 2886 amatam
874 2826 972 2889 Appul.

221 2919 308 2980 §m
325 2931 360 2977 eo,
373 2917 397 2966 Τ
408 2914 532 2980 (Appul.)
548 2916 638 2967 Omra.
650 2916 676 2966 V
688 2913 780 2981 adssr.
799 2956 831 2965 -
848 2924 878 2976 at,
890 2917 987 2980 Appnl.
1005 2918 1093 2969 omitt.
1106 2912 1258 2981 VTadssr.
1280 2960 1315 2968 -
1333 2963 1337 2968 ,

171 3001 174 3005 ·
188 2981 229 3042 ad,
241 2984 346 3034 VTad.
359 2984 416 3035 Om.
429 2984 527 3047 Appul.
547 3023 578 3032 -
596 2981 717 3046 alapiam,
728 2984 826 3048 Appnl.
849 2983 971 3048 obpicr‘as,
983 2985 1018 3034 V.
1036 3026 1067 3035 ..
1087 2983 1185 3046 lubrica,
1197 2987 1222 3034 d.
1245 2983 1317 3048 laym‘

188 3049 313 3114 caprerias,
329 3050 362 3099 V.
382 3091 413 3099 ..
424 3048 552 3110 catamare,
568 3049 673 3100 Cornar.
691 3053 723 3101 ad
737 3051 854 3101 Dioscor.
872 3058 897 3114 2,
910 3058 968 3102 140.
987 3049 1103 3113 litaniam,
1120 3053 1219 3117 Vadr.
1238 3050 1315 3102 litha-

135 3162 145 3178 ,
189 3116 266 3177 nicos,
282 3112 311 3176 β.
339 3115 455 3179 lichenas,
472 3118 551 3167 Hard.
570 3158 601 3167 ..
629 3116 771 3182 calipautss3
788 3132 835 3182 pro
851 3120 913 3169 h.v.
930 3121 1007 3181 habet
1028 3135 1079 3168 crem
1098 3117 1211 3183 pollicum
1229 3120 1315 3182 terV,

189 3182 343 3247 campanieu
353 3182 415 3232 iuter
426 3185 501 3235 Tad.
520 3225 551 3234 -
573 3200 693 3248 saneque,
709 3202 732 3236 a.
757 3201 865 3248 utroque,
880 3187 982 3237 VTdr.
1000 3227 1032 3236 -
1059 3185 1221 3247 Emissae.
1247 3184 1317 3236 Exit

189 3259 219 3312 et,
230 3252 264 3301 V.
286 3250 379 3313 excitet,
390 3255 414 3302 d.
433 3293 463 3302 -
484 3249 579 3314 hetam,
590 3254 647 3303 Vd.
666 3252 748 3314 hateas,
760 3269 780 3302 r.
803 3249 898 3314 hetam,
910 3249 980 3317 assr.
999 3295 1031 3303 ..
1049 3253 1098 3317 qui,
1111 3250 1184 3316 a(?).
1207 3253 1231 3301 ei
1241 3255 1317 3304 υαουί

189 3319 230 3368 vel
241 3317 265 3367 ei
274 3318 348 3381 naevi,
355 3320 390 3369 V.
409 3319 433 3368 οἱ
442 3319 510 3382 cetui,
520 3322 544 3371 (1.
562 3319 585 3369 ai
595 3335 624 3369 aa
635 3319 680 3382 cai,
690 3337 710 3370 r.
727 3319 826 3382 Quibus
837 3335 871 3371 ex
881 3321 1031 3372 lectionibus
1043 3322 1104 3384 quid
1116 3322 1149 3371 sit
1158 3318 1315 3384 exsculpen-

189 3387 258 3446 dnm,
276 3387 340 3451 mihi
351 3402 404 3437 non
416 3388 504 3451 liquet.
526 3389 604 3439 Plura
620 3390 647 3438 h.
659 3390 677 3438 l.
689 3389 845 3450 interierunt,
863 3404 940 3452 qnam
956 3403 1023 3452 quae
1038 3391 1183 3438 coniectura
1198 3390 1316 3452 suppleri

188 3455 297 3518 possint3
318 3456 395 3505 verba
415 3455 452 3504 ita
471 3471 522 3504 eam
539 3454 686 3508 induruit-
696 3454 802 3505 medetur
820 3456 963 3520 significant
977 3456 1004 3505 in
1020 3455 1071 3506 illis
1087 3456 1169 3506 verbis
1185 3458 1316 3519 corruptis

188 3521 267 3572 latere
278 3522 411 3584 rationem,
424 3538 475 3586 qna
486 3537 575 3574 saccus
586 3524 631 3574 ille
642 3524 767 3574 densetur.

223 3616 308 3677 5240.
327 3611 499 3677 immadueriat,
510 3617 547 3667 ita
556 3631 604 3666 nos
615 3615 767 3680 scripsimus.
786 3611 943 3675 immaduerit,
956 3614 1010 3665 Vd.
1028 3612 1179 3673 immodum,
1191 3629 1207 3662 a
1236 3628 1261 3677 r.
1278 3656 1313 3666 -

189 3686 346 3740 conternntur,
358 3681 404 3730 ad.
430 3698 481 3730 eum
498 3690 610 3744 matur,
626 3683 660 3733 V.
679 3718 723 3733 ...
737 3683 918 3744 muntaqaaV.
937 3722 969 3731 ..
996 3679 1179 3744 corfirmaadas,
1225 3681 1313 3734 VTd.
1358 3698 1362 3702 ·

182 3745 328 3812 firmandas,
340 3743 411 3813 asty.
425 3790 456 3799 ..
474 3748 637 3808 saluberrimo,
650 3752 674 3799 d.
692 3747 870 3810 saluberrimae,
885 3741 986 3813 8ch
1003 3790 1034 3801 -
1053 3749 1079 3797 ia
1090 3756 1163 3808 noeto,
1179 3740 1313 3799 evrae.

190 3810 344 3877 araeetqss.
363 3856 395 3865 -
413 3815 538 3881 inlinitum,
550 3817 604 3868 Va.
630 3815 725 3878 illitasa,
737 3817 762 3867 d.
781 3857 812 3867 ..
836 3814 958 3878 liboribus,
969 3816 1004 3867 V.
1027 3814 1153 3875 aeonem,
1166 3816 1191 3864 d.
1210 3855 1242 3864 ..
1259 3816 1314 3865 sia-

188 3879 333 3946 pleraque,
344 3882 401 3934 Vd.
420 3926 451 3934 ..
470 3901 499 3933 ea
510 3900 545 3946 eo,
560 3877 660 3934 OVaa
678 3899 708 3933 es
719 3883 779 3947 ipso,
791 3884 822 3934 Τ.
840 3899 877 3944 aa,
888 3879 918 3945 β.
937 3925 968 3933 -
986 3883 1043 3943 oleo,
1055 3887 1101 3935 ad.
1123 3881 1182 3943 ulca,
1194 3883 1258 3932 VT.
1279 3924 1313 3935 .-

189 3965 343 4013 anpremoqae
359 3966 405 4013 qao
421 3959 525 4013 utantur,
541 3968 565 4002 a.
591 3966 701 4014 cupresso
715 3965 807 4014 qaoque
823 3957 927 4011 amour,
938 3952 972 4001 V.
999 3966 1153 4015 expressoque
1167 3956 1274 4010 utantur,
1288 3954 1313 4002 d.

189 4031 300 4080 expressa
317 4025 452 4078 momatur,
474 4019 571 4082 Appnl.
599 4018 686 4069 Verba
702 4018 779 4068 Plinii
796 4017 898 4082 egregie
915 4019 1024 4070 illustrat
1033 4019 1156 4069 ·Dioscor.
1177 4023 1200 4078 l,
1216 4021 1258 4068 47.
1280 4060 1313 4069 -

188 4082 287 4148 mperes,
297 4085 346 4135 Vd
358 4083 481 4151 (Appul.)
490 4084 608 4150 sapores,
620 4101 643 4134 a.
662 4125 693 4135 ..
711 4083 880 4148 coxeadreium,
892 4087 925 4136 V.
946 4127 976 4136 -
995 4095 1025 4148 et,
1037 4087 1111 4137 Vad.
1124 4085 1214 4137 omitt.
1226 4080 1279 4150 βγ.

222 4171 308 4232 5241.
326 4172 434 4231 osberne,
446 4171 523 4221 Vad.
537 4210 568 4218 -
587 4167 672 4219 labae
683 4167 789 4232 audita,
800 4171 855 4220 Va.
874 4167 980 4219 truditur
990 4169 1084 4232 habere,
1097 4171 1121 4221 d.
1133 4209 1165 4221 ..
1184 4166 1313 4231 adoream,

188 4235 265 4285 Vad.
289 4276 320 4285 ..
346 4235 467 4286 silvestria
482 4236 555 4299 dieta,
572 4237 668 4302 Appul.
694 4235 768 4287 silvas
785 4245 858 4302 moto,
874 4233 976 4302 Vaflr.
1002 4235 1076 4287 silvas
1093 4245 1162 4299 tecta,
1177 4236 1209 4288 Τ.
1236 4236 1314 4289 silom
