2896 4792
137 260 180 323 44
485 274 690 322 aurursus
712 274 906 322 msroman

136 424 250 489 insulis
275 424 475 491 fluitantibus
501 436 624 500 natam,
652 424 740 490 illam
761 425 794 487 in
815 424 896 510 ripis
917 425 1126 509 exspatiantis
1147 427 1253 503 lacus3

136 524 230 590 tertia
257 534 306 588 est
332 523 477 588 harundo
505 523 624 588 tibialis
652 524 764 588 calami
791 545 887 606 quem
909 525 1066 590 auleticon
1087 525 1255 604 dicebant;

134 648 218 691 nono
249 624 302 690 hic
330 646 415 689 anno
447 625 649 689 nascebatur.
686 622 770 689 Nam
798 635 831 689 et
854 625 943 689 lacus
970 625 1168 691 incrementa
1193 626 1255 693 hoc
1270 646 1317 690 tae

135 725 288 812 temporis
311 724 414 810 spatio
437 724 600 803 servabat,
626 723 848 811 prodigiosus,
871 724 898 788 si
920 724 1048 807 quando
1070 727 1254 811 amplitudi-

135 848 208 890 nem
221 825 352 890 biennio
367 824 572 902 extendisset,
594 824 681 908 quod
702 835 848 889 notatum
869 823 955 910 apud
971 821 1181 891 Chaeroniam
1202 827 1254 892 in-

133 927 238 991 fausto
249 923 496 990 Atheniensium
518 934 550 988 et
572 946 684 1009 saepe;
706 923 853 988 Lebaida
874 937 1007 989 vocatur
1026 925 1254 993 influenteCe·

134 1027 235 1113 phiso.
268 1024 354 1090 Cum
381 1025 482 1112 igitur
507 1046 591 1088 anno
616 1024 792 1109 permansit
813 1023 996 1103 inundatio,
1029 1026 1200 1112 proliciunt
1220 1030 1254 1093 in

133 1126 374 1211 aucupatoriam
405 1146 534 1208 quoque
571 1123 828 1210 amplitudinem
867 1126 1063 1191 vocabantur
1095 1129 1252 1213 zeugitae.

136 1225 258 1293 Contra
279 1225 487 1310 bombyciae,
508 1225 664 1290 maturius
685 1225 867 1312 reciproco,
889 1227 1041 1313 graciles,
1064 1229 1254 1295 feminarum
1267 1246 1315 1292 ito

132 1328 245 1393 latiore
267 1327 343 1392 lolio
364 1337 459 1410 atque
481 1325 681 1402 candidiore,
713 1327 840 1392 modica
865 1328 1016 1414 lanugine
1044 1340 1101 1393 aut
1125 1332 1253 1397 omnino

133 1430 221 1494 nulla
241 1427 420 1513 spadonum
440 1428 568 1492 nomine
595 1427 787 1514 insignibus.
824 1427 913 1493 Hinc
938 1439 1028 1493 erant
1057 1443 1253 1496 armamenta

133 1527 175 1591 ad
200 1527 342 1593 inclusos
369 1537 496 1605 cantus,
526 1549 595 1592 non
622 1528 745 1593 silendo
771 1529 948 1611 etreliqua
970 1551 1066 1596 curae
1087 1531 1250 1609 miraculo,

132 1637 169 1691 ut
189 1627 284 1692 venia
306 1627 348 1692 sit
369 1638 502 1715 argento
523 1627 588 1692 iam
608 1628 718 1710 potius
740 1628 822 1692 cani.
846 1625 947 1693 Caedi
969 1629 1113 1695 solebant
1128 1641 1252 1717 tempe-

133 1727 234 1793 stivae
255 1750 357 1811 usque
378 1729 420 1792 ad
440 1726 673 1812 Antigenidam
693 1725 873 1806 tibicinem,
897 1751 970 1793 oum
991 1729 1096 1795 adhuc
1117 1732 1252 1818 simplici

131 1829 256 1893 musica
276 1837 460 1904 uterentur,
483 1827 544 1892 sub
566 1837 711 1904 arctur03
740 1828 787 1893 sic
806 1839 1016 1914 praeparatae
1037 1830 1158 1913 aliquot
1177 1843 1253 1916 post

132 1950 233 1994 annos
255 1929 350 1994 utiles
372 1951 444 1994 esse
465 1927 673 2014 incipiebant.
696 1927 789 1993 Tune
811 1951 938 2014 quoque
960 1932 1061 1996 multa
1075 1930 1252 1998 domandae
1264 1949 1308 1996 171

133 2029 360 2094 exercitatione
381 2040 413 2094 et
435 2050 550 2093 canere
577 2026 674 2094 tibiae
699 2029 791 2116 ipsae
819 2030 1017 2108 edocendae,
1049 2032 1251 2116 conprimen-

134 2129 220 2201 tibus
242 2151 277 2195 se
297 2129 440 2216 lingulis,
462 2129 549 2213 quod
570 2139 639 2194 erat
659 2129 722 2194 illis
745 2129 938 2195 theatrorum
958 2130 1100 2195 moribus
1121 2131 1250 2208 utilius3

133 2240 305 2315 postquam
337 2230 475 2295 varietas
506 2229 643 2294 accessit
675 2239 706 2294 et
738 2242 851 2295 cantus
883 2251 1010 2314 quoque
1040 2231 1250 2312 luxuriantes,

135 2330 229 2395 caedi
248 2339 320 2395 ante
342 2330 477 2396 solstitia
498 2339 629 2414 coeptae
652 2340 685 2394 et
704 2330 773 2395 lieri
800 2331 895 2396 utiles
920 2331 954 2394 in
982 2331 1126 2410 trimatu,
1155 2354 1251 2417 aper·

134 2430 267 2497 tioribus
290 2454 400 2496 earum
420 2430 552 2518 lingulis
574 2430 617 2494 ad
635 2428 810 2496 flectendos
833 2452 945 2509 sonos,
972 2453 1055 2516 quae
1080 2432 1156 2497 inde
1177 2443 1252 2495 sunt

134 2540 168 2595 et
187 2530 291 2595 hodie.
326 2528 393 2596 Sed
419 2541 489 2595 tum
509 2552 551 2596 ex
572 2552 630 2617 sua
650 2551 811 2616 quamque
832 2540 954 2596 tantum
974 2531 1152 2598 harundine
1174 2554 1250 2596 con·
1265 2547 1314 2595 ita

158 2735 337 2800 fluuitantrbus,
349 2753 372 2786 a.
382 2777 414 2786 -
425 2743 496 2785 natas
505 2734 618 2798 elleaad.
630 2745 746 2798 notarem
757 2779 789 2787 -
799 2745 833 2786 ert
842 2737 1038 2798 lamuda'fad.
1051 2736 1143 2787 arando
1152 2733 1251 2800 estssr.

167 2803 181 2864 §
196 2809 252 2854 169.
269 2803 451 2865 aumantium,
461 2804 578 2853 TDud.
595 2803 772 2853 Atheniensium
777 2803 879 2868 praelio,
888 2800 959 2866 D2ss.
972 2845 1004 2854 ...
1018 2813 1040 2852 et
1048 2821 1118 2868 saepe
1122 2801 1252 2864 ,·Lebaida

133 2878 238 2930 vocam,
251 2870 325 2920 Tad.
349 2879 383 2918 ert
399 2887 457 2934 aepe
467 2869 581 2919 Lobolda
592 2879 695 2932 vocatur,
712 2873 813 2922 Thusn.
823 2887 864 2934 ap.
877 2871 984 2921 Salmas.
998 2885 1079 2920 exerc.
1092 2886 1117 2934 p.
1131 2877 1170 2919 82.
1183 2870 1208 2918 b.
1220 2869 1250 2918 F.

133 2945 156 2985 et
166 2935 234 3000 apud
243 2935 377 2985 Lebadiam
388 2952 459 3000 caepe
471 2945 573 2998 notatur,
584 2933 613 2998 β.
635 2939 679 2989 Uti
691 2940 755 2989 baec
767 2940 889 3001 scriptura
900 2939 986 3000 inepta
997 2946 1043 2996 est,
1055 2938 1091 2985 ita
1101 2951 1156 2985 non
1166 2936 1251 2985 minus

133 3005 219 3067 inepta
230 3018 268 3063 aa,
285 3018 361 3066 qnam
373 3018 389 3051 a
399 3019 441 3053 me
452 3012 577 3054 servatam
588 3021 622 3055 ex
634 3007 763 3055 codicibus
774 3005 882 3054 restituit
893 3005 972 3055 Hard.
984 3013 1010 3052 et
1021 3003 1147 3052 subtiliter
1165 3002 1251 3051 desen-

134 3072 183 3132 dit3
201 3078 314 3119 monstra
326 3072 389 3120 haec
400 3080 467 3120 recte
479 3073 540 3122 dicit
551 3073 697 3123 Schneider.
713 3076 746 3124 sd
757 3071 888 3134 Theophr.
901 3072 931 3120 T.
944 3069 992 3118 III.
1003 3086 1028 3133 p.
1042 3075 1099 3119 364.
1118 3069 1173 3118 Iam
1183 3071 1251 3119 Pliu.

133 3139 160 3187 h.
178 3138 195 3186 1.
213 3139 338 3200 excerpsit
348 3138 556 3201 Theophrastum
572 3139 631 3189 hist
649 3141 726 3202 plant.
739 3138 786 3188 1v.
801 3143 840 3198 ll,
853 3143 876 3187 8.
894 3131 992 3199 φύεται
1008 3132 1041 3183 δὲ
1058 3131 1186 3193 πλεῖστος
1198 3134 1250 3198 μὲν

134 3199 279 3266 (κάλαμος)
315 3201 399 3261 εταξὺ
416 3204 465 3254 τοῦ
481 3198 608 3286 Κηφισοῦ
624 3201 669 3253 nal
682 3205 731 3254 τοῦ
743 3199 880 3260 Μέλανος·
894 3197 975 3260 οὗτος
985 3199 1017 3250 δὲ
1031 3200 1047 3250 ὁ
1059 3199 1142 3261 τόπος
1152 3219 1251 3268 προσα-

133 3266 276 3334 γορεύεται
289 3219 446 3321 diederada.
460 3313 492 3322 ..
503 3271 627 3337 fruendae
639 3269 672 3320 δὲ
684 3267 728 3320 καὶ
740 3266 774 3319 od
785 3269 802 3349 ἡ
815 3264 872 3333 Προ
894 3265 958 3317 ατία
969 3265 1121 3336 καλουμένη
1133 3268 1251 3335 nareae·

131 3352 210 3402 ρεται
221 3353 227 3366 ·
240 3338 320 3387 τοῦτο
332 3329 356 3387 δ’
370 3334 427 3389 ἔστι
439 3336 562 3400 ποταμὸς
569 3335 642 3403 ῥέων
653 3337 683 3386 ἐκ
693 3333 731 3386 Λε
752 3334 840 3393 adeor.
886 3331 1011 3395 ritmo<
1018 3335 1050 3385 δὲ
1060 3335 1139 3386 δοκεῖ
1145 3336 1252 3386 πάντων

133 3401 257 3469 γίνεσθαι
274 3421 307 3454 πε
327 3401 335 3452 l
353 3404 401 3472 τὴν
413 3397 519 3463 'OC-'eiua
535 3400 703 3469 καλουμένην
742 3399 829 3466 αμπῆν
841 3417 847 3431 ·
858 3400 874 3450 ὁ
886 3400 918 3450 δὲ
931 3399 1015 3462 τόπος
1025 3399 1108 3462 οὗτός
1118 3404 1191 3454 ἐστιν
1205 3404 1251 3464 ἐμ-

133 3467 205 3536 βολὴ
219 3471 268 3520 τοῦ
280 3421 416 3538 Idomenei.
436 3514 467 3523 ..
486 3466 669 3550 llpdafloppog
678 3467 712 3518 δὲ
724 3466 807 3527 τόπος
818 3463 902 3525 ἄλλος
918 3473 967 3534 τῆς
977 3487 1006 3520 τε
1017 3463 1126 3529 ’θξείας
1137 3466 1201 3531 Kale
1224 3474 1255 3527 ’ς

135 3537 217 3598 ἐστιν,
232 3534 263 3586 ὃν
275 3489 386 3589 taloan
398 3535 548 3606 Bopdplar·
562 3534 684 3600 φυεσθαι
696 3534 729 3584 δέ
742 3550 808 3599 φασι
824 3531 869 3584 καὶ
885 3534 954 3586 κατὰ
975 3535 1074 3604 ταύτην
1092 3536 1189 3602 εὐγενῆ
1206 3554 1222 3586 τ
1239 3553 1252 3586 ν

134 3601 263 3665 κάλαμον.
289 3607 359 3658 Inter
376 3608 507 3669 tetigitur
522 3604 628 3652 uomina
638 3604 762 3664 locorum,
778 3605 821 3654 ubi
837 3605 949 3655 calamus
960 3608 1085 3669 provenit,
1096 3607 1162 3656 Plin.
1175 3620 1254 3654 unum

135 3673 274 3724 alterumve
288 3676 339 3732 vel,
356 3674 426 3737 quod
442 3672 504 3721 mihi
519 3670 675 3733 probabilius
687 3680 732 3731 est,
749 3671 824 3734 plura
835 3673 959 3734 elegeram
980 3688 1040 3722 nam
1057 3688 1090 3722 ex
1107 3674 1160 3721 eius
1172 3673 1254 3721 verbis

135 3755 202 3789 nunc
214 3743 291 3790 modo
304 3741 424 3803 reliquiae
435 3745 576 3800 supersunt,
589 3737 665 3799 idque
682 3738 835 3789 salmasium
847 3740 985 3789 rectissime
993 3741 1150 3803 perspexisse
1162 3740 1254 3799 iudico,

136 3807 162 3856 in
173 3806 262 3858 litteris
270 3823 303 3871 pe
315 3803 411 3855 lebuida
421 3805 500 3852 latere
511 3818 605 3852 nomen
617 3803 759 3867 Peleeania3
772 3807 834 3868 quid
845 3821 904 3856 vero
918 3808 944 3855 in
955 3806 1045 3855 litteris
1057 3813 1080 3854 et
1086 3822 1127 3862 ane
1136 3808 1169 3856 sit
1177 3821 1254 3870 quae·

136 3877 251 3936 rendum,
263 3887 339 3924 nemo
349 3885 419 3919 nuno
431 3885 574 3920 asseverare
591 3872 707 3935 audebit3
724 3873 798 3936 plura
808 3873 924 3922 videntur
935 3874 1067 3922 interiisse.
1091 3914 1121 3922 -
1147 3872 1254 3936 Clepa'ro,

136 3956 158 3990 a.
178 3981 210 3991 ..
224 3936 390 4004 permanserit,
402 3953 420 3985 r.
440 3977 471 3985 ..
490 3936 685 4001 acuapatoriam,
698 3957 720 3988 a
739 3980 770 3989 ..
789 3947 812 3988 et
823 3946 942 3999 vocantur,
954 3955 974 3988 r.

171 4011 255 4072 §tto
282 4002 491 4066 interranum.
512 4045 542 4054 ..
562 4006 718 4068 mmpmtivae,
734 3999 804 4056 θεὰ.
828 4002 1007 4068 ternpeativff.
1027 4047 1057 4056 ..
1080 4006 1255 4071 Antipenidem,

138 4068 236 4124 O'rau.
254 4069 403 4133 Antiqsnem,
414 4065 443 4131 β

172 4140 256 4202 5171.
284 4134 411 4198 manda,
424 4155 447 4189 a
466 4179 496 4187 ..
521 4153 607 4187 canore
618 4138 690 4187 abiae
707 4140 760 4202 ἐν,
772 4141 805 4191 Κ.
829 4181 860 4189 -
882 4138 1020 4203 edocendae,
1032 4159 1051 4192 r.
1079 4139 1255 4200 educendae,a.

139 4200 282 4263 educandae,
295 4205 327 4253 K.
347 4202 473 4266 docendae,
486 4207 501 4254 d
514 4202 600 4266 (codd,
613 4203 683 4269 Gal.)
720 4221 745 4269 r.
764 4249 795 4257 -
815 4205 919 4272 linealis,
931 4209 997 4258 Bod.
1009 4213 1041 4259 ad
1054 4210 1183 4272 Theophr.
1196 4209 1254 4259 hist.
