2896 4792
203 291 263 356 126
550 304 752 356 usruasrns
774 307 967 357 ursrornsn

199 454 509 542 praestringuntur,
530 470 567 521 ut
592 458 713 522 dictum
740 469 802 535 est,
836 468 891 522 aut
917 459 1141 525 circumfossor
1166 460 1321 526 iniurioso

201 558 267 624 ictu
289 557 480 633 verberavit,
511 558 561 622 vel
582 558 677 622 etiam
700 558 868 623 subarator
889 558 1067 641 inprudens
1087 560 1212 626 luxavit
1233 562 1321 625 radi·

200 680 255 724 ces
284 680 442 742 corpusve
469 656 708 741 desquamavit3
737 669 786 722 est
813 669 844 723 et
870 660 1028 742 quaedam
1056 661 1200 725 contusio
1227 662 1321 727 salcis

199 758 381 822 hebetioris.
411 754 539 838 Quibus
560 758 709 823 omuibus
730 758 836 823 causis
859 759 1021 824 difficilius
1043 761 1178 824 tolerant
1199 761 1322 846 frigora

199 871 256 922 aut
277 870 395 935 aestus,
416 858 568 941 quoniam
590 859 623 922 in
645 859 737 923 ulcus
759 870 906 943 penetrat
927 859 1044 924 iniuria
1059 862 1163 925 omnis
1184 884 1204 925 a
1224 861 1318 937 foris3

198 956 414 1024 infirmissima
434 981 510 1023 vero
531 958 633 1022 malus
647 981 860 1042 maxumeque
874 980 957 1042 quae
970 959 1074 1024 dulcis
1090 971 1148 1025 est.
1172 958 1319 1040 Quibus·
1333 977 1382 1021 aas

198 1059 273 1123 dam
294 1057 443 1123 debilitas
466 1057 674 1136 sterilitatem,
695 1080 760 1122 uon
781 1080 891 1124 necem
913 1058 1027 1136 adfert,
1049 1070 1085 1123 ut
1107 1060 1132 1124 si
1154 1061 1227 1143 quis
1242 1061 1320 1146 pino

200 1180 354 1224 cacumen
376 1157 501 1222 auferat
522 1159 573 1222 vel
594 1159 719 1242 palmae
725 1182 734 1234 3
759 1159 961 1224 sterilescunt
976 1159 1070 1235 enim,
1092 1182 1154 1225 neo
1174 1161 1317 1224 moriun-

199 1269 260 1324 tur.
294 1258 475 1343 Aegrotant
502 1256 672 1340 aliquando
699 1269 731 1323 et
758 1280 853 1343 poma
873 1258 946 1343 ipsa
966 1281 1081 1344 perse
1103 1259 1171 1324 sine
1193 1259 1318 1336 arbore,

200 1360 227 1425 si
248 1357 436 1423 necessariis
459 1357 656 1441 temporibus
678 1358 795 1423 imbres
817 1369 873 1422 aut
895 1369 1022 1443 tepores
1043 1357 1094 1423 vel
1110 1359 1245 1422 adflatus
1260 1359 1318 1423 de·

199 1460 288 1525 fuere
315 1468 372 1522 aut
396 1467 506 1521 eontra
532 1455 753 1534 abundavere3
785 1459 938 1523 decidunt
964 1459 1048 1523 enim
1077 1469 1133 1523 aut
1160 1458 1319 1522 deteriora

197 1560 288 1626 fiunt.
319 1557 501 1622 Pessimum
522 1567 573 1621 est
594 1557 676 1621 inter
697 1558 813 1644 omnia,
843 1580 916 1623 oum
937 1558 1198 1624 deflorescentem
1218 1558 1318 1621 vitem

198 1673 230 1726 et
250 1662 353 1727 oleam
366 1655 525 1742 percussit
540 1655 651 1732 imber,
672 1658 823 1740 quoniam
845 1658 938 1722 simul
953 1657 1065 1723 defluit
1078 1659 1212 1724 fructus.
1234 1655 1319 1722 Sunt
1332 1674 1381 1718 aas

198 1786 239 1827 ex
260 1761 371 1825 eadem
392 1778 491 1822 causa
511 1768 678 1821 nascentes
694 1768 726 1821 et
740 1779 869 1835 urucae,
892 1757 999 1822 dirum
1013 1759 1141 1836 animal,
1164 1758 1317 1823 erodunt-

197 1885 261 1947 que
282 1857 438 1934 lrondem,
466 1856 547 1921 aliae
574 1857 694 1934 florem,
723 1858 880 1922 olivarum
906 1879 1044 1942 quoque,
1072 1871 1109 1923 ut
1135 1859 1169 1923 in
1191 1857 1317 1935 Mileto,

199 1985 238 2026 ao
263 1962 430 2045 depastam
456 1955 604 2021 arborem
632 1959 719 2042 turpi
752 1958 832 2023 facie
863 1959 1032 2023 relincunt.
1078 1957 1231 2023 Nascitur
1257 1958 1318 2022 hoc

199 2064 318 2128 malum
345 2070 454 2143 tepore
480 2056 590 2121 umido
618 2068 651 2121 et
676 2059 779 2134 lento;
816 2058 852 2122 fit
877 2058 963 2123 aliud
989 2081 1030 2122 ex
1058 2058 1188 2135 eodem,
1219 2059 1246 2122 si
1269 2059 1317 2122 sol

199 2164 303 2229 acrior
329 2161 491 2223 insecutus
517 2156 633 2221 inussit
658 2157 764 2243 ipsum
785 2157 899 2222 vitium
919 2159 1054 2241 ideoque
1075 2159 1218 2223 mutavit.
1254 2157 1318 2222 Est

200 2268 374 2334 etiamnum
387 2258 548 2345 peculiare
560 2257 653 2322 olivis
669 2269 699 2321 et
714 2258 884 2322 vitibus..
897 2280 1048 2324 araneum
1065 2269 1180 2324 vocant
1191 2313 1231 2322 ..
1243 2280 1316 2322 oum

199 2364 298 2433 veluti
320 2363 401 2426 telae
421 2357 588 2423 involvent
601 2357 742 2421 fructum
757 2368 788 2422 et
801 2358 983 2422 absumunt.
1006 2358 1161 2422 Adurunt
1178 2368 1209 2422 et
1222 2356 1317 2421 flatus
1331 2370 1380 2413 230

198 2466 329 2553 quidam
350 2484 405 2526 eas
427 2480 590 2536 maxume,
620 2459 729 2523 sedet
756 2459 835 2523 alios
861 2458 1002 2533 sructus3
1031 2481 1105 2522 narn
1126 2458 1316 2523 vermicula-

199 2569 317 2632 tionem
338 2574 371 2628 et
392 2582 487 2645 poma
506 2558 579 2643 ipsa
599 2580 659 2643 per
681 2581 715 2623 se
736 2557 927 2642 quibusdam
941 2558 1032 2622 annis
1047 2558 1199 2635 sentiunt,
1221 2558 1315 2634 mala,

198 2668 278 2754 pira,
307 2662 451 2747 mespila,
479 2658 607 2744 punica,
635 2658 669 2721 in
689 2658 775 2724 oliva
796 2657 927 2742 ancipiti
949 2670 1077 2736 eventu,
1104 2659 1233 2743 quando
1256 2657 1316 2723 sub

198 2779 272 2834 oute
293 2764 362 2829 nati
383 2763 523 2826 fructum
544 2758 706 2835 adimunt;
733 2769 863 2845 augent,
891 2757 918 2822 si
945 2758 1070 2844 inipso
1091 2761 1204 2824 nucleo
1226 2759 1315 2824 suere

199 2866 367 2933 erodentes
386 2882 470 2926 eum.
493 2855 594 2942 Gigni
615 2857 685 2921 illos
705 2857 874 2942 prohibent
896 2858 1023 2941 pluviae
1043 2879 1126 2941 quae
1140 2860 1220 2922 fiunt
1241 2871 1315 2944 post

198 2977 376 3036 arcturum
406 2958 536 3024 eaedem
565 2957 593 3021 si
619 2955 780 3021 austrinae
806 2957 910 3035 fuere,
938 2968 1093 3043 generant
1119 2958 1153 3022 in
1180 2958 1314 3043 druppis

232 3171 319 3221 dutum
334 3173 349 3234 ξ
366 3174 423 3218 209.
443 3209 473 3216 -
491 3174 537 3228 est,
553 3183 604 3217 om.
620 3185 642 3217 a.
662 3207 692 3216 ..
711 3165 800 3214 iniuria
819 3165 894 3214 omnis
912 3180 930 3214 c
945 3163 1025 3229 foris,
1046 3180 1069 3213 a.
1098 3164 1173 3213 omnis
1191 3163 1279 3213 iniuria
1299 3181 1316 3212 a

191 3239 266 3301 form
280 3239 303 3287 d.
322 3235 396 3285 omnis
411 3251 428 3282 a
435 3233 503 3296 foris
518 3233 614 3295 iniuria,
623 3230 674 3297 βγ.
692 3234 733 3283 De
745 3234 873 3282 locutione
887 3232 1102 3296 osorisv.Hand.
1111 3232 1219 3282 'l’nrsell
1228 3234 1315 3290 2709.

200 3347 231 3357 ..
250 3303 327 3353 malm
336 3317 440 3383 procem
457 3299 610 3364 macraeque,
628 3302 717 3351 Dalec.
744 3301 808 3350 Post
821 3298 968 3362 maximeque
984 3301 1011 3348 in
1028 3301 1083 3349 cod.
1099 3314 1115 3347 a
1132 3314 1208 3362 supra
1223 3300 1315 3347 lineam

199 3372 395 3515 Ἒέὲθὲινῒιῖζ,
405 3454 462 3501 ald.
481 3468 534 3511 non,
547 3453 613 3501 Tal.
632 3492 663 3500 ..
683 3459 783 3515 teporem
796 3465 843 3515 pro
854 3451 881 3500 h.
894 3465 917 3498 v.
930 3450 1025 3499 habent
1038 3450 1146 3513 temporis
1157 3451 1201 3499 ad.
1220 3489 1250 3497 -
1270 3445 1314 3506 vel,

200 3536 250 3572 om.
263 3524 287 3571 d.
306 3561 336 3570 -
356 3517 456 3581 defuere,
470 3520 493 3567 d.
511 3517 541 3566 de
558 3534 620 3579 aere,
633 3535 656 3568 a.

152 3608 159 3614 “
233 3615 318 3676 §aaa
344 3611 615 3667 eenamcentcs,Ambr.
628 3612 649 3660 Ι.
671 3616 824 3667 canescentes,
836 3608 926 3657 Ambr.
939 3608 975 3658 II.
997 3604 1186 3670 Sumpsithaec
1197 3605 1264 3653 Pliu.
1281 3618 1314 3652 ex

200 3680 328 3743 Theophr.
341 3679 399 3727 hist.
412 3678 490 3740 plant.
502 3677 549 3725 IV.
564 3683 603 3735 14,
616 3682 639 3726 9.
662 3717 693 3725 ..
717 3690 812 3733 urucae,
823 3676 856 3724 D.
879 3689 986 3734 emeca,
998 3688 1021 3723 a.
1043 3687 1135 3732 aucas,
1147 3665 1218 3732 ᾱβγ.
1245 3670 1314 3719 Piut.

199 3762 258 3797 vero
271 3748 303 3795 ad
317 3750 356 3804 19,
370 3751 409 3793 lo.
421 3746 436 3807 §
451 3750 506 3793 180.
520 3745 546 3792 in
558 3744 684 3793 Toletano
696 3757 796 3806 semper
807 3756 881 3789 araca
892 3742 967 3791 scribi
978 3741 1022 3798 ait,
1037 3741 1080 3789 ubi
1093 3742 1125 3788 de
1135 3751 1220 3786 verme
1231 3751 1314 3786 sermo

200 3815 240 3874 sit,
257 3827 337 3875 eaque
354 3812 497 3860 observatio
513 3811 541 3858 in
558 3811 676 3859 omuibus
691 3810 755 3858 locis
771 3810 804 3857 ab
822 3809 920 3871 optimo
932 3821 1033 3870 quoque
1044 3807 1132 3856 codice
1143 3805 1314 3853 confirmatur.

200 3920 231 3929 -
244 3878 328 3934 diuam,
341 3881 364 3927 d.
383 3877 476 3937 dicitur,
488 3894 509 3927 a.
530 3917 557 3926 ..
580 3883 665 3939 tepore,
677 3879 749 3924 codd.
763 3875 819 3925 Gel.
838 3882 946 3937 tempore.
958 3875 1003 3923 ad.
1026 3912 1056 3922 ..
1068 3871 1111 3932 fit,
1124 3874 1148 3921 d.
1173 3868 1213 3930 sit,
1225 3886 1247 3919 a.
1265 3868 1317 3920 Set

199 3944 263 3994 volet
273 3946 298 3994 ia
310 3944 343 4004 id,
355 3946 423 3995 Pint.
442 3985 472 3993 ..
492 3942 583 4003 inurat,
595 3945 639 3992 ad.
657 3940 773 4001 inusserit,
785 3942 873 3991 Ambr.
887 3940 908 3989 I.
920 3940 956 3990 11.
975 3978 1007 3988 ..
1024 3937 1129 4001 ideoque,
1142 3953 1166 3986 a.
1188 3935 1249 3993 ideo,
1261 3939 1314 3987 Td.

200 4052 231 4061 ..
250 4013 354 4072 mutavit,
367 4013 411 4060 ad.
439 4009 601 4065 maturaverit,
613 4009 704 4058 Ambr.
717 4008 737 4056 I.
763 4006 849 4055 inurat
862 4023 905 4056 cas
920 4005 1193 4070 atqacenecuuitPiut.
1220 4002 1316 4052 duravit

199 4080 239 4128 rel
250 4078 349 4135 cecavit,
360 4079 449 4127 Dalcc.
469 4118 500 4126 ..
518 4093 548 4124 ac
559 4075 650 4134 vitabas,
662 4079 686 4124 d.
705 4115 736 4122 ..
754 4072 922 4127 adtenuata.

233 4172 317 4233 §²3⁰-
343 4166 379 4216 Et
389 4168 496 4216 adaram
505 4176 536 4227 et,
549 4170 593 4217 sd.
612 4207 642 4217 ..
666 4181 729 4226 aum,
746 4158 844 4216 θΤαᾱ.
872 4165 1012 4226 aamet,K.
1039 4160 1191 4227 Omittstr.
1216 4204 1246 4212 -
1272 4162 1317 4210 sab

200 4244 257 4296 cate,
275 4236 354 4288 Hard.
379 4236 423 4282 sab
438 4242 520 4295 catera,
537 4235 604 4284 Pint.
629 4233 744 4293 subeunti,
761 4234 805 4282 ad.
834 4233 938 4294 suberant,
954 4228 983 4294 β.
1010 4234 1044 4282 V.
1057 4232 1188 4295 Thocpbr.
1206 4233 1316 4280 decane.
