2896 4792
165 271 228 344 tta
517 296 720 344 nsruarms
744 294 938 345 merosus

165 448 245 512 sima
266 468 307 512 en
328 467 459 512 rosaceo
482 468 520 511 ac
540 446 623 512 lacte
644 447 799 534 inposita,
828 459 859 512 et
882 447 1082 527 volneribua3
1112 446 1241 517 bibitur
1261 452 1300 516 in

165 549 347 637 stranguria
366 548 555 633 reniumque
576 547 706 614 harenis
728 548 831 614 tribus
849 549 1017 616 drachmis.
1039 550 1154 618 Altera
1167 551 1301 618 bibitur

162 650 196 717 in
222 650 344 716 duritia
368 651 533 716 volvarum
562 661 595 715 st
621 649 654 713 in
676 649 869 715 torminibus
896 661 929 716 et
950 651 983 716 in
1005 653 1155 718 comitiali
1178 655 1300 721 morbo

162 776 236 820 oum
257 752 351 819 melle
373 763 403 816 et
426 761 516 817 aceto
537 761 688 835 quattuor
710 751 881 817 drachmis.

204 851 329 920 XXX.
363 856 435 919 104.
470 850 682 919 Parthenium
710 852 764 917 alii
789 852 992 933 leucanthes,
1026 853 1080 920 alii
1106 877 1301 927 amaracum
1315 876 1361 921 ue

164 966 290 1034 vocant,
314 952 433 1022 Celsus
452 954 539 1041 apud
560 976 621 1020 nos
641 953 820 1040 perdicium
842 966 876 1019 et
896 956 1060 1022 muralem.
1081 956 1239 1025 Nascitur
1262 960 1298 1026 in

162 1058 329 1122 hortorum
353 1056 513 1142 saepibus,
534 1053 611 1120 flore
626 1054 709 1133 albo,
732 1055 829 1121 odore
849 1056 935 1136 mali,
959 1079 1074 1144 sapore
1087 1082 1209 1127 amaro.
1237 1062 1299 1127 Ad

162 1157 367 1224 insidendum
389 1157 522 1224 decocta
542 1167 573 1222 et
595 1156 628 1221 in
651 1156 770 1222 duritia
789 1157 954 1223 volvarum
975 1169 1009 1224 et
1028 1159 1297 1228 inflammationi·

162 1258 244 1338 bus3
267 1258 353 1324 sicca
374 1281 446 1324 cum
465 1258 560 1323 melle
580 1270 615 1323 et
634 1270 726 1323 rosto
740 1258 881 1344 inposita
893 1259 1032 1325 detrahit
1054 1260 1153 1327 bilem
1173 1273 1299 1340 atram,

162 1360 206 1428 ob
225 1360 285 1427 hoa
308 1371 418 1426 contra
438 1359 615 1446 vertigines
636 1358 727 1425 utilis
746 1370 779 1425 et
800 1359 978 1426 calculosis.
1006 1360 1162 1429 Inlinitur
1181 1374 1217 1430 et
1239 1386 1296 1430 sa·

162 1486 219 1529 aro
239 1462 318 1552 igni,
340 1463 418 1528 item
440 1462 572 1526 strumis
592 1483 664 1525 cum
686 1462 830 1550 axungia
848 1460 1037 1528 inveterata.
1059 1462 1154 1563 Magi
1177 1478 1298 1530 contra

163 1564 316 1631 tertianas
338 1563 470 1629 sinistra
489 1585 585 1627 manu
608 1561 699 1628 evelli
721 1585 791 1628 eam
811 1563 924 1629 iubent
938 1563 1069 1649 dicique
1082 1566 1176 1633 cuius
1192 1588 1297 1634 causa

161 1667 296 1734 vellahu
314 1686 374 1731 nec
392 1665 563 1750 respicere,
587 1664 661 1730 dein
682 1664 751 1730 eius
765 1664 876 1731 folium
890 1666 981 1752 aegri
995 1667 1126 1756 linguae
1142 1667 1297 1734 subicere

161 1779 200 1834 ut
219 1790 295 1833 mox
315 1766 350 1830 in
372 1765 488 1851 cyatho
510 1787 611 1850 aquae
634 1767 814 1831 devoretur.

204 1866 346 1935 XXXI.
370 1869 441 1933 105.
474 1866 625 1951 Tryahno
652 1888 750 1951 quam
778 1867 909 1952 quidam
932 1867 1108 1952 strychnon
1130 1870 1296 1957 scripsere
1310 1882 1356 1928 ¹⁷⁷

162 1969 283 2035 uanam
305 1989 365 2034 neo
388 1968 543 2034 coronarii
564 1968 599 2032 in
620 1969 779 2056 Aegypto
797 1980 975 2048 uterentur,
988 1992 1069 2054 quos
1090 1970 1209 2037 invitat
1229 1970 1294 2038 he-

163 2071 260 2137 deras
279 2070 429 2135 foliarum
455 2068 632 2135 similitudo
652 2070 686 2133 in
708 2069 835 2135 duobus
857 2071 928 2136 eius
948 2072 1125 2159 generibus
1148 2093 1296 2156 quorum

162 2172 314 2248 altorum,
338 2170 389 2237 cui
405 2170 495 2236 acini
517 2169 653 2248 coccini,
675 2170 805 2258 granosi
827 2172 860 2236 in
882 2171 1044 2252 folliculis,
1065 2173 1294 2240 halicacabum

162 2283 289 2350 vocant,
311 2270 363 2334 alii
388 2270 514 2348 callion,
537 2270 636 2335 nostri
651 2285 757 2336 autem
775 2273 972 2353 vesicariam,
993 2275 1146 2360 quoniam
1160 2276 1293 2343 redeas

196 2428 344 2474 cormacco,
360 2403 468 2462 OVTo.
496 2417 520 2458 at
535 2426 564 2459 aa
580 2426 688 2472 rosaceo,
701 2406 757 2474 Ββ.
776 2453 807 2462 ..
827 2429 869 2473 ac,
881 2414 943 2464 RV.
962 2413 1005 2475 vel,
1022 2414 1075 2466 Tu.
1093 2456 1124 2464 ..
1144 2414 1292 2478 raselamque,

163 2480 274 2535 BV'ld.
296 2495 433 2542 romaque,
445 2475 476 2540 β.
494 2518 525 2531 ...
543 2478 635 2540 amris,
647 2478 761 2530 Gronov.
783 2480 886 2540 arm,
902 2473 1039 2532 BRVTd.
1065 2476 1236 2544 dohrrhrofi.
1258 2522 1292 2533 ..

162 2547 290 2597 drachmis.
306 2546 407 2597 Biba'tar
421 2546 487 2605 item,
499 2546 532 2596 Κ.
552 2586 582 2594 -
601 2554 711 2608 quattuor
726 2544 860 2608 drachmis,
874 2548 906 2598 R.
928 2556 1040 2613 quattuor
1056 2547 1180 2615 machmis
1196 2557 1293 2610 aaran,

164 2616 218 2667 Vd.
236 2623 348 2678 aaaaaor
359 2612 479 2662 drachmis
490 2621 564 2672 cocta,
576 2614 607 2663 T.

197 2686 213 2748 5
226 2687 282 2736 lta.
301 2679 353 2742 alii,
366 2682 450 2732 RVd.
468 2681 560 2740 cat,T.
569 2721 600 2731 ..
615 2679 753 2742 lmccarthaa,
764 2676 843 2732 altu.
862 2681 1004 2739 turmales
1016 2682 1081 2735 VT.
1097 2683 1248 2745 lamatthara,
1259 2678 1291 2746 β.

165 2748 346 2810 hacanthemor,
364 2748 472 2799 Salmas.
487 2750 517 2797 de
529 2749 590 2813 hyle
601 2765 626 2812 p.
641 2754 679 2799 10.
692 2750 715 2798 b.
728 2750 762 2799 A.
781 2791 811 2800 -
835 2765 984 2811 amaracum,
1000 2752 1110 2803 Salmas.
1121 2768 1154 2805 ax
1166 2753 1290 2803 Dioscor.

164 2824 188 2878 8,
203 2820 258 2868 lala
276 2831 409 2877 amaracum,
425 2808 583 2879 Onvrur.
602 2823 742 2878 tamnacam,
754 2812 783 2877 β.
803 2857 834 2866 ..
852 2826 944 2878 vocant,
958 2832 1008 2868 om.
1021 2822 1044 2870 d.
1064 2860 1094 2868 ..
1117 2817 1198 2870 Galeas
1211 2825 1237 2878 2,
1247 2825 1290 2870 38.

164 2924 195 2939 ..
211 2883 418 2949 petramve
435 2881 566 2946 pellaciam,
578 2883 611 2933 B.
630 2923 662 2935 ..
679 2883 801 2945 morulas,
816 2877 845 2933 θ.
867 2885 1005 2946 merolanas,
1017 2887 1129 2937 BVTd.
1149 2884 1293 2947 mmliun,

163 2948 193 3014 β.
213 2992 244 3002 -
255 2950 337 3014 floret,
349 2952 381 3000 R.
401 2990 432 3000 -
450 2949 520 3010 malo,
532 2953 565 3001 K.
588 2948 661 3017 ὀσμῇ
671 2946 840 3015 ὑπόβρομον,
853 2954 970 3003 Dioscor.
989 2993 1019 3011 ‚.
1040 2969 1131 3014 amaro,
1144 2969 1196 3003 om.
1209 2956 1235 3003 d.
1257 2993 1289 3002 ..

164 3017 323 3078 medendam,
335 3018 396 3068 RV.
416 3059 446 3066 -
465 3015 561 3067 decocta
572 3026 602 3079 et,
615 3019 651 3067 ita
662 3033 710 3068 nos
723 3020 874 3082 scripsimus.
898 3018 1013 3081 decoctae,
1025 3016 1134 3081 RVdss.
1158 3019 1291 3081 decocmm,

164 3085 290 3138 Harduinl
302 3087 375 3134 codd.
387 3099 413 3150 γ.
439 3083 584 3149 decoquitur,
595 3086 627 3136 K.
650 3086 687 3135 Ar
702 3100 783 3148 genus
798 3085 949 3137 femininum
966 3089 992 3138 h.
1005 3089 1022 3138 1.
1039 3090 1215 3153 reponendum
1232 3103 1292 3139 esse

165 3155 239 3204 docet
250 3155 317 3216 qnod
330 3154 415 3203 statim
427 3155 541 3216 sequitur
550 3152 615 3201 sicca
627 3162 652 3202 et
663 3151 786 3216 imperita3
804 3157 835 3204 ad
848 3155 932 3218 ipsum
943 3170 1005 3205 vero
1017 3156 1177 3220 participium
1190 3152 1292 3205 ἅοοοοω

165 3235 199 3270 ax
210 3221 327 3270 universa
339 3221 388 3270 loci
401 3222 524 3271 sententia
535 3223 639 3271 verbum
651 3221 763 3284 aliquod,
778 3222 815 3271 uti
828 3223 927 3286 confert,
940 3220 1044 3287 prodat,
1056 3224 1228 3288 supplendum
1241 3232 1291 3274 est.

166 3328 198 3338 ..
216 3285 321 3336 detrahit
336 3287 411 3350 bilem,
427 3290 509 3339 BTd.
536 3285 603 3336 hilam
620 3284 825 3353 detrahitVstr.
845 3330 876 3338 ..
903 3288 1084 3351 castabalall.
1104 3331 1134 3340 -
1158 3289 1291 3354 Moptlt.

166 3354 215 3421 apl,
226 3356 283 3406 Vd.
301 3397 332 3406 ..
350 3355 404 3404 daia
416 3355 476 3415 aias,
489 3357 516 3404 d.
534 3354 608 3416 calar,
620 3355 652 3404 1³.
670 3353 731 3417 daia,
744 3357 778 3406 V.
797 3397 828 3405 ..
848 3355 949 3420 linquae,
961 3358 995 3408 V.
1014 3357 1104 3423 limyra,
1116 3357 1170 3408 Rd.

199 3424 284 3488 9177.
310 3422 418 3488 Trychao
439 3417 558 3485 0<cod<t
570 3421 697 3484 Barbari).
728 3422 916 3488 liychns,RV.
947 3423 1066 3486 ll'ricoam,
1079 3427 1131 3476 Τὰ.
1158 3420 1292 3488 samono,

165 3486 195 3552 β.
216 3528 242 3539 ..
264 3489 397 3554 strychnon,
413 3459 533 3551 d<eoda
543 3489 672 3551 Barbari).
688 3490 821 3556 cahanan,
832 3492 868 3542 V.
888 3493 1081 3556 rtrymam,'1¹d.
1103 3491 1245 3557 strymon,
1258 3495 1292 3545 R.

167 3555 290 3622 wahren,
306 3552 334 3618 β.
358 3598 388 3607 -
417 3572 470 3618 nac,
490 3559 609 3609 vitiosum
630 3559 729 3608 ridetur
747 3568 773 3609 ot
788 3574 835 3623 pro
852 3573 883 3611 ao
899 3575 928 3609 aa
945 3561 1111 3611 scribendum.
1137 3560 1224 3610 Causa
1245 3575 1294 3610 ao-

201 3626 242 3675 lae
258 3624 339 3675 nulla.
357 3664 388 3674 ..
411 3625 537 3686 coronarii,
553 3627 584 3676 R.
610 3626 818 3688 coronammvd.
836 3664 868 3678 ...
888 3625 1013 3690 foliorum,
1029 3619 1167 3679 ORVTd.
1184 3625 1292 3690 flama,

190 3692 269 3743 arbas.
281 3687 310 3753 β.
320 3732 351 3741 ..
371 3707 467 3754 quoram
480 3690 587 3756 alteram,
598 3695 682 3745 RVd.
694 3693 797 3744 Praeter
808 3691 853 3743 illa
865 3693 965 3756 tertiam,
977 3697 1011 3746 K.
1028 3696 1064 3746 V.
1074 3695 1195 3747 Dioscor.
1206 3700 1233 3755 4,
1248 3697 1294 3746 72.

168 3800 199 3809 ..
222 3758 381 3819 cocantes.
408 3757 607 3826 cocciaci,Vssr.
627 3803 658 3810 -
684 3761 785 3826 procori
798 3761 823 3810 ia
831 3759 960 3825 folliculis,
975 3764 1030 3813 Td.
1053 3758 1295 3826 yraoosisolliaah's,

167 3826 201 3877 V.
227 3824 441 3890 qranoafirlliculi‚
458 3829 489 3877 R.
515 3828 616 3893 praaoar'
621 3827 739 3891 folliculi,
754 3825 784 3891 β.
810 3829 874 3878 cocci
888 3845 965 3893 oraro
981 3830 1006 3878 ia
1014 3828 1144 3894 folliculis,
1161 3828 1235 3881 Pina
1259 3870 1292 3880 ..

167 3891 327 3955 halicacabon,
341 3897 364 3943 d.
391 3893 574 3958 halicaccaham,
591 3899 663 3946 codd.
675 3897 789 3948 Barbari.
811 3895 856 3946 alii
866 3897 998 3958 caccabum,
1010 3899 1042 3948 R.
1059 3895 1106 3947 alii
1114 3897 1243 3958 mombar,
1255 3898 1295 3948 V.

167 4000 198 4013 ..
225 3960 362 4023 camollam
378 3962 484 4013 Salmas.
502 3965 533 4015 ds
584 3965 608 4013 le
624 3979 649 4026 p.
667 3969 707 4014 65.
724 3965 795 4014 aD.
817 4005 847 4014 ..
875 3964 993 4028 quorsom,
1010 3965 1093 4016 RVd.
1119 3961 1190 4028 qaod,
1205 3956 1238 4017 θ.
1259 4006 1293 4017 .-

165 4027 277 4091 caacalr'a,
292 4029 324 4079 R.
344 4070 375 4079 ..
393 3979 583 4089 saraloamvl
600 4071 631 4080 ..
658 4029 813 4096 hacquffl.
842 4029 957 4096 muare,
973 4023 1083 4085 OVTd.
1103 4073 1133 4082 ..
1158 4032 1295 4095 tarditatis,

166 4096 198 4149 R
218 4137 248 4147 -
265 4096 374 4162 grandir,
385 4097 417 4146 R.
435 4095 564 4155 drachmis,
576 4098 632 4148 Vd.
651 4138 682 4148 ..
701 4098 772 4160 acini,
788 4090 816 4151 θ.
1186 4095 1201 4107 “

199 4167 215 4229 ς
228 4168 285 4223 178.
306 4162 467 4230 Thryosoh'a,
481 4165 595 4228 Scaliger
605 4167 637 4215 ad
649 4166 781 4232 Theophr.
792 4169 853 4221 hist.
863 4167 943 4233 plant.
955 4168 1003 4218 IX.
1018 4175 1059 4231 ll,
1069 4174 1093 4219 a
1106 4182 1132 4234 p.
1146 4169 1220 4219 1071.
1241 4169 1294 4222 ee-

165 4238 282 4280 tarumv.
295 4232 411 4281 Dioscor.
425 4238 448 4291 4,
463 4235 502 4283 74.
521 4272 552 4281 -
579 4230 767 4294 daromhaado,
782 4234 894 4287 RVTd.
920 4233 1114 4296 dcmomtraada,
1127 4230 1158 4298 β,
1177 4276 1210 4287 ..
1240 4245 1295 4287 tra·

166 4295 291 4358 etaadbas,
306 4290 442 4372 (luvra.
469 4298 590 4361 tractanti,
606 4294 635 4360 β.
655 4339 687 4348 ..
710 4299 882 4365 padarb,Rd.
900 4302 988 4354 Omitt.
1004 4295 1085 4354 OVT
1101 4300 1230 4367 (Murbac.
1249 4321 1295 4370 ap.
