2896 4792
398 306 468 357 n1n.
484 305 585 356 xvm.
615 305 693 354 ose.
709 307 757 353 va
775 302 837 353 vu.
867 302 965 352 sacr.
981 305 1000 347 s.
1015 306 1033 348 a.
1217 286 1277 351 149

158 473 253 528 cavet
273 480 313 525 ue
334 459 473 525 familiae
494 459 576 523 male
599 458 648 521 sit.
678 455 767 519 Nihil
790 477 862 521 sero
882 454 1065 520 faciendum
1086 454 1120 517 in
1141 453 1280 542 agricul-

161 544 233 626 tura
255 584 365 627 omnes
388 569 533 637 censent,
562 558 681 622 iterum
707 578 764 622 suo
791 577 937 639 quaeque
959 565 1102 640 tempore
1123 554 1280 633 facienda,

74 647 89 657 ’
158 672 193 728 et
215 663 309 728 tertio
330 671 503 747 praecepto
533 657 759 744 praetermissa
786 656 904 721 frustra
932 657 1084 733 revocari.
1121 656 1174 721 De
1197 667 1282 722 terra
1294 672 1326 718 rs

158 765 284 830 cariosa
311 761 489 828 exsecratio
517 756 663 828 Catonis,
677 757 804 823 abunde
830 755 969 821 indicata
991 767 1055 834 est,
1088 780 1283 844 quamquam

159 865 346 951 praedicere
366 884 432 927 nou
454 871 559 927 cessat
579 861 623 927 is:
651 859 809 945 quidquid
836 880 895 944 per
921 858 1052 923 asellum
1074 859 1143 924 fieri
1164 870 1281 944 potest,

159 966 315 1058 vilissime
338 973 471 1029 constat.
507 962 602 1027 Felix
622 959 752 1027 biennio
781 959 928 1037 moritur,
960 959 987 1024 si
1014 960 1159 1026 frondem
1186 982 1283 1046 agere

158 1089 223 1131 non
255 1065 405 1152 patiaris3
441 1064 475 1129 id
509 1063 730 1130 efficacissime
758 1061 916 1147 contingit
948 1061 1158 1148 germinantis
1186 1059 1284 1125 ramis

159 1169 274 1234 baculo
296 1167 457 1244 decussis3
485 1187 581 1230 sucus
602 1165 687 1228 enim
709 1187 748 1228 ex
770 1163 842 1249 ipsa
864 1162 1007 1228 defluens
1029 1172 1124 1227 necat
1145 1162 1282 1228 radices.

158 1269 262 1335 Aiunt
283 1279 316 1333 et
338 1269 423 1333 circa
445 1266 615 1332 solstitium
639 1265 764 1330 avolsas
790 1287 854 1328 non
875 1264 998 1329 renasci
1025 1287 1085 1330 nec
1104 1263 1284 1329 harundine
1297 1276 1329 1320 46
1352 1343 1360 1361 .

158 1381 262 1438 sectas
274 1381 330 1435 aut
345 1380 491 1434 exaratas
506 1367 627 1438 iomeri
641 1366 820 1432 harundine
834 1367 985 1450 inposita.
1009 1364 1165 1432 Similiter
1179 1376 1209 1429 et
1225 1364 1283 1429 ha·

159 1471 329 1538 rundinem
348 1470 472 1535 exarari
487 1469 580 1534 felice
598 1468 719 1533 vomeri
738 1467 878 1554 inposita
889 1467 1099 1554 praecipiunt.
1126 1465 1284 1532 Iuncosus

160 1596 237 1659 ager
258 1572 339 1638 verti
361 1572 436 1656 pala
457 1570 552 1635 debet
581 1578 635 1633 aut
658 1570 692 1632 in
714 1590 829 1634 saxoso
843 1568 1042 1642 bidentibus3
1065 1569 1201 1631 frutecta
1215 1565 1285 1654 igni

158 1684 291 1759 optume
306 1669 467 1736 tolluntur.
492 1669 694 1735 Umidiorem
715 1691 829 1756 agrum
848 1669 943 1734 fossis
963 1667 1086 1733 concidi
1109 1678 1204 1752 atque
1221 1666 1284 1732 sic·
1298 1677 1330 1723 4⁷

159 1774 225 1839 cari
247 1773 450 1837 utilissimum
474 1783 540 1850 est,
570 1771 672 1836 fossas
693 1780 801 1835 autem
824 1770 957 1835 cretosis
979 1769 1059 1834 locis
1081 1778 1210 1852 apertas
1231 1791 1284 1834 re·
1414 1760 1421 1772 ’

159 1874 276 1957 linqui,
299 1874 333 1936 in
357 1872 509 1937 solutiore
524 1882 609 1936 terra
626 1870 777 1958 saepibus
791 1871 925 1948 firmari,
949 1870 1081 1936 declivis
1096 1869 1284 1935 imbricibus

159 1985 216 2038 aut
237 1974 361 2058 supinis
382 1971 536 2036 lateribus
562 1970 791 2056 procumbere,
823 1970 979 2054 quasdam
1006 1969 1169 2035 occaecari
1197 1969 1284 2034 etin
1357 1998 1360 2003 ¹

158 2074 238 2137 alias
260 2072 356 2158 dirigi
379 2072 515 2136 maiores
542 2072 799 2155 patentioresque
822 2081 887 2149 et„
902 2071 929 2135 si
957 2070 998 2135 sit
1026 2071 1166 2148 occasio,
1193 2069 1284 2136 silice

160 2175 211 2237 vel
232 2175 342 2260 glarea
365 2173 481 2247 sterni3
504 2196 560 2237 ora
581 2182 686 2238 autem
709 2195 820 2238 earum
840 2171 925 2238 binis
947 2172 1107 2257 utrimque
1121 2170 1284 2256 lapidibus

160 2273 360 2337 statuminari
382 2283 415 2338 et
436 2274 498 2337 alio
520 2273 728 2361 superintegi.
753 2272 862 2340 Silvae
881 2274 1107 2358 exstirpandae
1128 2272 1285 2337 rationem

159 2374 364 2439 Democritus
390 2373 551 2459 prodidit,
584 2374 687 2459 lupini
714 2375 793 2440 flore
823 2377 856 2439 in
887 2397 964 2440 suco
991 2375 1114 2439 cicutae
1144 2396 1208 2439 uno
1230 2372 1283 2436 die

160 2484 319 2538 macerato
341 2474 527 2559 sparsisque
549 2475 721 2540 radicibus.
1302 2544 1307 2553 ,

202 2573 278 2637 Vll.
302 2576 331 2637 9.
354 2573 398 2638 Et
414 2574 564 2659 quoniam
578 2584 788 2660 praeparatus
804 2585 853 2640 est
867 2597 960 2661 ager,
984 2598 1070 2640 nunc
1088 2573 1284 2639 indicabitur
1297 2587 1329 2632 ts

159 2685 275 2738 natura
298 2675 438 2759 frugum.
469 2671 553 2738 Sunt
575 2685 682 2738 autem
703 2675 767 2739 duo
789 2675 894 2761 prima
916 2698 1025 2740 earum
1047 2697 1182 2763 genera:
1212 2674 1282 2738 fru-

160 2786 282 2850 menta,
306 2785 342 2838 ut
364 2774 522 2853 triticum,
545 2774 717 2853 hordeum,
740 2786 772 2840 et
793 2775 971 2862 legumina,
1001 2787 1038 2842 ut
1059 2776 1147 2853 faba,
1181 2775 1289 2848 ciceri

158 2874 340 2940 differentia
361 2876 465 2940 notior
486 2897 582 2959 quam
604 2886 641 2941 ut
662 2875 797 2943 indicari
819 2877 941 2943 deceat.

192 3050 260 3110 §45-
286 3048 383 3098 Catonis
399 3051 430 3099 de
446 3064 473 3099 re
489 3057 551 3099 rust.
566 3054 587 3110 5,
601 3055 624 3099 6,
644 3091 674 3099 -
701 3048 808 3099 indicata
820 3059 854 3098 est
867 3051 959 3112 17,34.
980 3091 1010 3100 ..
1035 3049 1186 3114 praedicare,
1198 3051 1231 3101 Κ.
1251 3092 1282 3100 .-

158 3113 278 3178 quicquid,
291 3133 313 3165 a.
333 3158 364 3166 ..
384 3114 462 3179 Felix,
475 3133 497 3166 a
516 3115 592 3178 Filia,
605 3112 678 3181 dstr.
697 3158 728 3168 ..
747 3116 850 3181 baculos,
862 3136 885 3168 a.

192 3201 261 3263 §lb
271 3197 354 3262 selim,
367 3217 389 3248 a.
399 3198 473 3262 filici,
486 3202 510 3249 d.
519 3199 596 3263 filice,
608 3197 659 3266 βγ.
673 3242 705 3252 ..
723 3201 797 3251 Iunco
808 3217 877 3250 sucus
888 3218 950 3263 acer,
964 3204 988 3251 d.
1009 3243 1040 3252 ..
1058 3211 1108 3262 aut,
1120 3205 1165 3253 ad.
1184 3211 1218 3264 ot,
1229 3197 1281 3267 βγ.

157 3275 213 3313 ante
225 3266 349 3329 irpiractua
365 3261 387 3314 θ
398 3268 424 3316 in
436 3269 620 3318 emendatione.
638 3276 665 3316 at
675 3284 782 3327 sacceus,
795 3271 884 3320 Dalec.
903 3311 934 3318 -
945 3269 1063 3331 frutecta,
1076 3273 1113 3320 ad
1125 3270 1211 3331 (codd.
1225 3270 1281 3321 Gel.

158 3341 184 3381 et
195 3334 358 3383 vetustissimi
371 3349 411 3398 ap.
425 3335 540 3386 Oudend.
553 3337 587 3384 ad
597 3335 694 3399 Appul.
707 3344 810 3386 metam.
823 3352 847 3400 p.
861 3335 932 3397 2³7.)
942 3338 1047 3400 fruteta,
1059 3332 1088 3397 β.

192 3426 207 3486 ξ
220 3427 260 3474 47.
271 3425 357 3488 sesam,
370 3429 385 3477 d
397 3424 484 3488 (codd.
498 3427 554 3477 Gel.
567 3435 593 3476 et
604 3428 715 3478 Tumebi
727 3429 784 3477 adv.
799 3434 822 3488 l,
835 3426 890 3491 20.)
900 3428 974 3491 fossi,
987 3446 1010 3478 a.
1021 3429 1137 3491 fossione,
1149 3445 1167 3478 r.
1183 3470 1213 3479 -
1232 3445 1281 3477 cra-
1384 3434 1386 3439 '

122 3524 124 3529 -
158 3492 339 3550 comitabar.
353 3492 466 3555 d(codd.
479 3493 552 3557 Gal.)
578 3494 670 3554 retusis,
687 3511 709 3543 a.
729 3535 759 3544 ..
784 3494 904 3554 solutione,
921 3497 965 3544 ad.
984 3537 1015 3544 -
1044 3504 1129 3555 terrae,
1142 3500 1165 3546 d.
1185 3538 1216 3546 -
1240 3495 1280 3545 dc·

156 3555 223 3606 clivis
240 3556 269 3617 (i.
282 3574 303 3608 e.
317 3561 425 3610 declives
436 3559 530 3623 fossas)
547 3560 691 3622 imbricibus,
708 3564 744 3611 ita
759 3577 807 3612 nos
824 3563 969 3625 scripsimus
987 3564 1045 3612 coll.
1059 3563 1195 3614 Columell.
1208 3563 1243 3613 IL
1256 3569 1280 3624 2,

159 3629 187 3674 9:
210 3623 253 3672 sed
266 3633 373 3688 patentes
390 3626 470 3687 latius,
488 3636 585 3690 apertae
596 3645 687 3676 sumnia
701 3636 772 3691 parte
788 3626 967 3691 declivesque
983 3637 1006 3678 et
1017 3629 1051 3678 ad
1061 3630 1134 3679 solum
1146 3637 1282 3679 coarctatae

158 3691 328 3742 imbricibus
343 3695 433 3758 eupim'e
448 3694 536 3743 similes
544 3696 631 3757 facere
644 3695 770 3745 conveniet.
800 3695 898 3744 divisim
916 3695 1042 3758 eprocibue,
1058 3689 1086 3746 θ.
1109 3698 1146 3746 iue
1160 3695 1281 3760 precibus,

158 3760 191 3808 D.
218 3759 242 3807 ia
258 3760 386 3823 eprocibas,
403 3764 455 3813 Τά.
481 3764 506 3810 in
522 3763 663 3826 reprocrbua,
680 3764 754 3812 codd.
767 3765 880 3813 Turneb.
897 3765 953 3813 adv.
967 3771 1007 3822 30,
1021 3771 1060 3815 18.
1089 3764 1242 3826 ueprecrbue,
1257 3779 1280 3812 a.

69 3873 79 3887 ,
158 3826 329 3888 ueprocidaut,
342 3832 414 3879 codd.
429 3829 484 3879 Gel.
496 3826 546 3893 βγ.
566 3871 596 3879 -
616 3829 730 3878 lateribus
741 3830 829 3880 similes
839 3831 998 3894 procumbere,
1010 3833 1100 3882 Dalec.
1118 3872 1148 3880 ..
1167 3831 1279 3891 obserari,

158 3893 190 3943 K.
209 3933 239 3942 ..
259 3893 343 3958 deripi,
356 3897 379 3944 d.
399 3937 429 3944 ..
451 3896 639 3959 patentioread.
663 3898 856 3960 potentioresque,
872 3889 931 3948 GK.
956 3898 1191 3961 parendumque,
1204 3913 1227 3946 a.
1247 3936 1278 3946 .-

158 3966 181 4007 ct
191 3960 214 4037 ei
222 3961 261 4074 ¹p't,
277 3955 305 4010 θ.
328 3962 366 4040 sit,
380 3966 425 4078 abda.
449 3963 473 4010 ei
483 3963 521 4024 eit,
533 3961 583 4026 βγ.
603 4006 633 4013 ..
648 3965 811 4026 statuminari,
827 3960 911 4015 &Te
924 3962 1009 4026 (codd.
1023 3965 1092 4026 Gel.)
1111 3963 1280 4025 istatuminori,

157 4043 181 4075 a.
200 4043 224 4074 m
235 4044 263 4076 us
274 4045 368 4090 munem,
423 4068 428 4079 .

191 4121 206 4182 §
219 4125 258 4168 48.
278 4127 374 4181 natura,
386 4128 444 4184 post
455 4138 479 4172 v.
492 4138 551 4186 aper
562 4125 691 4175 collocant
701 4120 751 4188 βγ.
769 4126 889 4177 Ceterum
901 4126 965 4176 haec
978 4127 1064 4174 omnia
1075 4131 1134 4173 sunt
1145 4127 1279 4188 desumpta

156 4187 335 4314 qpbglp’e'qphr.
348 4189 406 4240 hist.
419 4189 498 4253 plant.
515 4190 737 4256 vn1.1‚1neqq.
761 4234 783 4242 ,
812 4193 893 4256 credor,
905 4195 956 4244 Ta.
984 4208 1037 4241 vero
1054 4191 1136 4254 notior,
1155 4187 1226 4256 ᾱβγ.
1246 4233 1276 4244 .-
