2896 4792
346 1022 371 1065 ⁵
414 1116 469 1219 u.
504 1116 677 1221 Psuu
714 1116 999 1223 saeuum

214 1360 700 1481 NATURALIS
743 1357 1207 1480 HISTORIAE

552 1592 700 1667 LIBER
725 1591 864 1666 XVIII.
941 1628 945 1634 ·

194 1914 320 1982 Cael.
341 1914 446 1982 Suos.
461 1919 488 1982 1.
514 1885 680 2002 Sequitur
700 1928 815 1982 natura
834 1918 965 2005 frugum
985 1912 1213 2001 hortorumque
1233 1928 1299 1990 aas
1320 1935 1331 1978 ι

150 2016 265 2083 florum
278 2040 425 2102 quaeque
436 2019 499 2084 alia
515 2029 643 2104 praeter
654 2019 785 2084 arbores
797 2030 852 2083 aut
863 2018 996 2083 frutices
1007 2016 1148 2104 benigna
1160 2017 1272 2082 tellure

150 2118 353 2202 proveniunt,
376 2118 427 2183 vel
447 2141 506 2206 per
527 2141 562 2184 se
582 2129 703 2185 tantum
725 2119 896 2185 herbarum
918 2120 1063 2184 inmensa
1077 2116 1273 2202 contempla-

151 2217 246 2295 tione,
261 2219 376 2302 siquis
390 2206 547 2285 aestumat
561 2222 757 2298 varietatem,
772 2243 951 2298 numerum,
966 2220 1071 2297 flores,
1087 2218 1202 2284 odores
1217 2239 1272 2283 co·

151 2319 298 2403 lenesque
320 2331 353 2384 et
375 2341 468 2385 sucos
490 2342 528 2386 ac
548 2320 629 2385 viris
652 2344 762 2386 earum
782 2343 864 2405 quas
887 2321 999 2386 salutis
1027 2330 1082 2384 aut
1102 2319 1273 2405 voluptatis

152 2418 316 2485 hominum
331 2420 436 2508 gratia
450 2421 565 2507 gignit.
589 2420 665 2503 Qua
683 2422 717 2485 in
736 2433 829 2508 parte
854 2423 993 2507 primum
1008 2421 1149 2485 omnium
1164 2430 1273 2505 patro·

151 2519 251 2584 cinafi
274 2530 377 2584 terrae
399 2531 432 2586 et
453 2521 567 2586 adesse
589 2532 777 2587 cunctorum
798 2522 924 2607 parenti
945 2523 1052 2597 iuvat,
1080 2541 1273 2603 quamquam

151 2619 234 2686 inter
259 2620 351 2686 initia
377 2622 483 2708 operis
509 2610 681 2688 defensae.¹
710 2621 872 2704 Quoniam
905 2633 1010 2687 tamen
1036 2622 1108 2706 ipsa
1140 2620 1301 2686 materias

120 2782 135 2807 ,
150 2722 275 2788 accedit
298 2724 385 2788 intus
412 2723 454 2788 ad
480 2725 714 2809 reputationem
747 2724 890 2790 eiusdem
921 2723 1078 2810 parientis
1106 2733 1138 2787 et
1164 2720 1271 2798 noxia,

151 2823 268 2888 nostris
295 2845 365 2889 eam
400 2823 587 2889 criminibus
618 2848 794 2913 urguemus
827 2836 1033 2908 nostramque
1067 2824 1192 2909 culpam
1227 2821 1274 2886 iIli

151 2923 345 3009 inputamus.
369 2921 492 2989 Genuit
513 2948 638 2990 venena
644 2951 653 3004 3
678 2925 789 3010 ecquis
810 2926 934 2991 invenit
954 2925 1008 2989 illa
1028 2934 1157 3010 praeter
1170 2923 1272 2986 homi·

152 3024 245 3088 nem?
279 3020 404 3090 Carere
426 3048 464 3092 ac
485 3027 636 3114 refugere
658 3026 789 3091 alitibus
810 3027 949 3111 ferisque
972 3025 1050 3091 satis
1072 3035 1130 3090 est.
1163 3023 1273 3108 Atque

151 3145 225 3188 cum
235 3123 349 3190 arbore
361 3137 519 3190 exacuant
529 3127 701 3210 limentque
713 3149 831 3192 cernua
842 3126 1003 3211 elephanti
1015 3137 1045 3190 et
1056 3126 1116 3202 uri,
1123 3146 1200 3189 saxo
1211 3123 1274 3187 rhi-

152 3235 327 3302 nocerotes,
349 3237 484 3311 utroque
506 3227 576 3312 apri
592 3227 736 3292 dentium
752 3228 844 3305 sicas,
861 3226 1025 3309 sciantque
1040 3225 1082 3288 ad
1095 3224 1274 3291 nocendum

185 3431 229 3481 Ad
246 3432 313 3482 hunc
328 3434 420 3484 librum
437 3435 485 3484 toti
501 3443 561 3485 sunt
573 3436 673 3485 excussi
689 3435 739 3495 ad3
759 3435 790 3482 de
801 3434 826 3482 D
838 3448 861 3480 v.
874 3433 907 3481 ad
918 3432 1011 3481 librum
1024 3432 1107 3493 xlv„
1126 3434 1157 3482 de
1171 3431 1274 3483 scholfis

151 3498 295 3554 Germanici
307 3515 330 3548 v.
342 3500 421 3564 praef.
434 3503 485 3550 vol.
498 3502 519 3551 1.
531 3517 556 3566 p.
569 3500 640 3552 XLI.

185 3567 200 3628 §
215 3572 237 3616 1.
250 3581 297 3629 per
306 3581 341 3627 aa,
353 3569 394 3617 dr.
414 3584 479 3630 pse,
490 3584 513 3618 a.
533 3609 564 3617 -
587 3564 749 3630 contenplatio
761 3573 804 3623 eet,
815 3581 835 3615 r.
855 3606 886 3615 ..
905 3564 1027 3625 aestimet,
1039 3566 1064 3615 d.
1083 3605 1114 3614 ..
1133 3562 1273 3626 auraque,

120 3648 175 3681 -a
192 3631 396 3693 cenchrea'rd.
415 3675 446 3684 ..
464 3634 633 3696 ccuirea,ad;
651 3631 773 3691 autur’res,
789 3625 818 3681 θ.
837 3673 868 3682 ..
892 3631 1027 3693 Ωιιαίη,(1.
1049 3630 1146 3692 Quae.
1165 3629 1225 3679 ..'

152 3698 229 3760 initus,
241 3700 266 3748 d.
284 3699 399 3762 intuita,
411 3718 435 3752 a.
453 3703 513 3751 vid.
526 3709 552 3763 2,
567 3706 615 3751 154
626 3716 695 3764 seqq.

186 3769 201 3830 ξ
214 3772 237 3819 2.
255 3765 347 3816 cecedit
357 3765 428 3827 initu,
440 3763 505 3818 θεὰ
516 3768 603 3829 (codd.
616 3769 694 3818 Tum.
707 3768 764 3815 adv.
779 3772 801 3826 1,
815 3763 869 3825 20.)
886 3766 950 3814 utta
961 3764 1066 3827 accidet,
1077 3782 1097 3815 r.
1118 3766 1180 3813 ium
1191 3777 1274 3811 mea·

152 3830 195 3894 dit,
207 3834 281 3883 codd.
293 3835 408 3896 Barbari,
419 3831 448 3896 β.
473 3834 544 3896 uitis,
556 3838 672 3887 Rhenau.
691 3834 771 3884 Varia
781 3841 862 3884 tentat
872 3834 963 3885 Dulce.
983 3875 1013 3883 -
1038 3833 1095 3891 aaa,
1108 3831 1181 3880 codd.
1193 3829 1273 3879 Turn.

152 3941 183 3949 ..
208 3901 331 3960 aucuia,
350 3917 400 3952 om.
418 3919 438 3952 r.
462 3943 493 3952 -
521 3909 644 3966 suquatur,
662 3903 698 3951 at
725 3915 864 3964 urquemur,
881 3904 921 3951 a².
946 3940 977 3950 ..
1004 3907 1154 3961 uestramque
1170 3893 1273 3959 culpan,

155 3960 254 4018 osan.
273 3967 412 4032 culpamque
423 3976 535 4029 uestram,
547 3966 598 4033 βγ.
616 4008 648 4019 ..
667 3965 754 4032 ecquis,
767 3968 791 4017 d.
813 3968 909 4033 etquis,
921 3967 971 4018 Ta
993 3965 1106 4028 neuqua,
1117 3960 1146 4025 β.
1165 4003 1196 4012 ..
1215 3978 1273 4012 eaeu·
1369 4031 1372 4035 ¹

152 4042 234 4096 quant,
246 4052 269 4085 a.
288 4076 319 4085 ..
339 4034 461 4099 umeuque,
473 4053 496 4087 a.
515 4077 546 4085 -
569 4044 591 4085 at
602 4036 647 4097 κη’,
659 4052 675 4086 a
686 4033 827 4098 (Murbac.)
849 4043 872 4084 et
883 4034 997 4094 tumores,
1010 4033 1062 4084 Td.
1084 4039 1114 4092 et,
1125 4027 1154 4092 β.
1173 4070 1206 4081 ...
1223 4028 1273 4079 rti-

153 4111 276 4162 nocerem,
289 4105 333 4152 ad.
358 4102 554 4162 rhinocerotum,
566 4097 616 4166 βγ.
636 4143 666 4152 ..
691 4109 798 4164 utraque,
816 4105 860 4152 ad.
881 4142 912 4152 ..
936 4115 1040 4163 aprua.
1061 4138 1091 4147 -
1115 4097 1185 4157 succa,
1198 4114 1220 4148 e.
1241 4138 1271 4148 ..-

61 4226 65 4231 ⁶
151 4167 266 4230 sicutque,
279 4173 315 4219 a'.
