2896 4792
196 280 256 345 138
542 292 746 342 annueram
768 293 962 343 maronam

192 463 384 531 praeparare
406 465 441 509 se
462 443 626 523 animalia,
653 445 740 529 quod
768 455 872 510 tamur
894 465 1005 509 eorum
1026 458 1162 531 excepto
1184 445 1312 511 homine

192 545 256 611 tela
277 567 336 611 sua
356 546 491 612 venenis
513 546 653 632 tinguit?
673 544 744 611 Nos
766 557 798 610 et
819 546 953 633 sagittas
974 547 1148 631 unguimus
1170 571 1207 613 ac
1226 550 1341 614 ferros

189 647 253 732 ipsi
281 645 449 713 nocentius
475 645 597 730 aliquid
623 646 753 725 damus,
787 668 845 710 nos
879 656 911 710 et
936 645 1068 710 flumina
1096 648 1253 714 inficimus
1281 662 1312 715 et

189 770 296 814 rerum
324 758 459 813 naturae
487 746 659 823 elementa3
685 748 791 833 ipsum
819 769 948 832 quoque
977 770 1041 832 quo
1063 748 1183 813 vivitur
1204 772 1311 816 aerem

189 848 223 913 in
245 849 420 934 perniciem
442 848 607 913 vertimus.
628 847 740 931 Neque
763 860 812 914 est
833 859 870 912 ut
890 859 1039 933 putemus
1061 849 1200 935 ignorari
1216 873 1256 916 ea
1269 851 1311 917 ab

189 950 391 1030 animalibus,
407 972 489 1034 quae
503 948 634 1033 quidem
648 969 729 1031 quae
744 959 972 1034 praepararent
988 960 1098 1012 contra
1112 952 1309 1035 serpentium

188 1051 419 1130 dimicationes,
441 1073 525 1135 quae
547 1060 619 1136 post
640 1049 799 1134 proelium
818 1049 860 1113 ad
874 1049 1066 1114 medendum
1082 1051 1309 1136 excogitarent,

187 1152 415 1231 iudicavimus3
444 1174 504 1218 nec
524 1151 566 1216 ab
587 1151 652 1216 ullo
673 1161 800 1236 praeter
819 1150 980 1216 hominem
1002 1172 1124 1215 veneno
1146 1163 1310 1236 pugnatur
1344 1144 1347 1149 ¹

187 1253 301 1318 alieno.
323 1252 498 1318 Fateamur
519 1273 597 1337 ergo
612 1248 739 1336 culpam
761 1273 802 1315 ne
816 1250 866 1316 his
880 1248 1011 1335 quidem
1029 1273 1113 1335 quae
1133 1263 1336 1318 nascuntur4

186 1354 343 1430 contenti3
374 1353 491 1419 etenim
521 1362 640 1436 quanto
662 1351 755 1438 plura
777 1372 887 1416 eorum
908 1374 1029 1439 genera
1049 1352 1190 1418 humana
1211 1377 1307 1421 manu

184 1453 281 1519 fiunti
315 1451 427 1536 Quid?
458 1474 524 1518 non
545 1464 577 1517 et
597 1451 736 1519 hominis
756 1451 886 1536 quidem
908 1462 945 1517 ut
965 1472 1089 1518 venena
1110 1457 1307 1521 nascuntur?

184 1555 268 1619 Atra
298 1577 358 1620 ceu
389 1553 586 1640 serpentium
620 1553 732 1638 lingua
760 1551 865 1617 vibrat
887 1552 1039 1636 tabesque
1060 1554 1157 1641 animi
1180 1567 1306 1621 contra-

184 1664 269 1720 cteta
290 1655 397 1720 adurit
418 1653 615 1740 culpantium
637 1651 744 1718 omnia
764 1674 803 1718 ao
825 1649 964 1717 dirarum
981 1653 1092 1718 alitum
1107 1656 1201 1721 modo
1214 1667 1304 1722 tene-

183 1754 250 1819 bris
283 1776 410 1840 quoque
443 1754 509 1818 suis
542 1764 575 1818 et
610 1754 754 1839 ipsarum
786 1753 928 1818 noctium
959 1753 1061 1837 quieti
1092 1754 1305 1822 invidentium

182 1855 320 1943 gemitu,
353 1877 436 1940 quae
468 1854 534 1919 sola
558 1876 621 1919 vox
643 1876 753 1918 eorum
782 1865 847 1930 est,
881 1865 917 1918 ut
938 1854 1211 1940 inauspicatarum
1232 1859 1303 1922 ani-

182 1956 338 2021 mantium
359 1955 429 2020 vice
449 1954 536 2020 obvii
557 1976 686 2039 quoque
708 1965 818 2020 vetent
839 1977 937 2042 agere
958 1967 1014 2020 aut
1032 1956 1185 2040 prodesse
1201 1960 1300 2036 vitae;

182 2077 243 2121 noc
271 2056 371 2121 ullum
396 2055 484 2121 aliud
510 2054 685 2121 abominati
712 2055 843 2142 spiritus
870 2057 1048 2141 praemium
1068 2080 1186 2123 novere
1207 2080 1301 2143 quam

181 2154 289 2221 odisse
319 2156 436 2222 omnia.
473 2155 597 2222 Verum
629 2166 662 2221 et
692 2157 726 2220 in
758 2157 819 2221 hoc
851 2157 962 2222 eadem
989 2168 1123 2223 naturae
1151 2160 1330 2224 maiestass

181 2265 301 2339 quanto
320 2257 422 2342 pluris
443 2256 546 2323 bonos
566 2257 681 2344 genuit
702 2277 742 2321 ac
762 2257 858 2342 frugi,
891 2268 1011 2341 quanto
1038 2259 1172 2324 fertilior
1199 2260 1233 2323 in
1260 2261 1301 2325 iis

182 2375 264 2437 quae
291 2355 404 2422 iuvant
430 2358 598 2442 aluntque‚
630 2379 767 2441 quorum
794 2359 1025 2423 aestumatione
1048 2369 1081 2424 et
1102 2359 1221 2446 gaudio
1242 2383 1301 2424 nos

181 2475 319 2539 quoque,
341 2456 463 2523 relictis
477 2457 638 2522 exustioni
653 2480 730 2523 suae
744 2457 814 2522 istis
828 2457 991 2523 hominum
1005 2457 1105 2536 rubis,
1127 2480 1300 2545 pergemus

180 2556 325 2621 excolere
346 2557 457 2636 vitam,
490 2578 592 2643 eoque
613 2559 821 2635 constantius,
855 2579 919 2641 quo
945 2580 1063 2643 operae
1084 2558 1178 2624 nobis
1199 2560 1300 2625 maior

178 2675 276 2740 quam
294 2658 398 2724 famae
424 2657 528 2747 gratia
555 2658 736 2744 expetitum
765 2658 899 2744 quippe·
914 2680 1019 2724 sermo
1045 2660 1130 2724 oirca
1155 2680 1230 2726 rura
1251 2672 1301 2726 est

179 2759 380 2846 agrestisque
412 2783 508 2838 usus,
541 2759 600 2826 sed
626 2759 744 2844 quibus
771 2760 838 2826 vita
865 2770 991 2825 constet
1020 2760 1184 2845 honosque
1212 2762 1300 2848 apud

178 2859 303 2944 priscos
323 2880 493 2927 maxumus
512 2861 619 2927 fiterit.

209 3063 402 3111 praepararem,
415 3039 488 3099 Tau.
511 3063 535 3096 aa
544 3063 701 3112 prmporore,
712 3045 764 3115 βγ.
783 3090 814 3100 ..
832 3058 926 3114 excepto
938 3049 1028 3098 lomina
1040 3047 1087 3098 tela
1097 3066 1149 3113 suo,
1161 3065 1184 3099 a.
1203 3059 1298 3114 eccepto

179 3111 269 3162 bomine
285 3113 332 3163 tela
347 3113 404 3177 aab,
420 3119 444 3166 d.
471 3113 519 3164 talo
533 3124 579 3163 suo
594 3124 689 3179 ascepm
705 3114 802 3179 bomine,
817 3112 869 3180 βγ.
900 3112 1019 3180 quodlibet
1037 3125 1114 3166 wmen
1130 3130 1208 3166 eorum
1225 3118 1298 3167 nescu

179 3189 272 3245 mepta
284 3179 374 3231 hmine
387 3181 435 3231 tela
444 3199 489 3232 ssa
499 3182 593 3231 varanis
604 3182 672 3248 tingi,
683 3200 704 3234 r.
723 3224 754 3233 ..
774 3184 866 3248 munit,
878 3184 931 3235 To.
949 3184 1032 3250 mepta,
1044 3201 1068 3235 a.
1233 3200 1235 3202 ·

212 3266 263 3328 88.
282 3265 413 3330 sapuimus,
425 3283 448 3316 a.
473 3266 606 3331 linquimus,
618 3268 693 3332 Tur.
711 3269 745 3318 V.
757 3269 845 3319 Heius.
857 3269 891 3318 ad
903 3268 949 3320 Sil.
962 3269 1020 3319 Ital.
1032 3276 1058 3332 8,
1071 3274 1111 3319 12.
1130 3308 1161 3318 ..
1175 3267 1297 3330 filumino,

179 3346 202 3380 a.
220 3370 252 3380 ..
275 3330 350 3394 basum
362 3349 460 3396 quoque,
472 3349 495 3383 a.
523 3332 650 3396 ipsumque,
663 3336 715 3385 Tu.
734 3376 766 3384 -
788 3351 865 3384 aerem
878 3335 910 3396 in,
923 3339 947 3386 d.
974 3335 999 3384 in
1010 3353 1043 3397 aa,
1055 3352 1078 3386 a.
1105 3337 1155 3400 ipse
1167 3333 1199 3397 in,
1210 3338 1245 3385 D.
1265 3376 1295 3385 ..

179 3412 240 3460 quoe
255 3397 357 3460 quidem,
369 3402 450 3449 omitt.
466 3392 584 3464 OTadr.
602 3441 634 3449 ..
654 3410 840 3466 praepararent,
856 3395 913 3453 θΤ.
936 3410 1092 3466 praeparent,
1108 3405 1152 3452 ad.
1172 3443 1202 3452 ..
1227 3401 1296 3450 dimi-

178 3464 289 3525 cationes,
304 3458 403 3517 OTad.
420 3465 599 3528 dmtbauonem,
610 3462 641 3528 β.
660 3508 691 3518 ..
710 3469 876 3534 excopimus,
888 3485 911 3519 a.
934 3470 1072 3534 exequant,
1084 3470 1136 3519 Tu.
1155 3508 1185 3518 ..
1205 3466 1296 3516 indico-

179 3529 254 3579 m'mas
265 3538 289 3592 8,
302 3537 343 3583 88.
356 3539 387 3584 97
400 3549 470 3598 seqq.
488 3574 520 3583 -
536 3541 680 3599 puqnonmr,
693 3552 715 3586 a.

211 3618 264 3679 34.
289 3615 404 3680 eulpae,
422 3658 454 3667 ..
480 3615 581 3678 luqad.
607 3615 686 3680 iiqpi.
706 3658 737 3668 ..
763 3627 852 3683 quanto
865 3619 947 3684 pluro,
962 3619 1175 3681 Huet.ap.Brot.
1201 3617 1296 3680 quondo

171 3680 263 3746 pluo,
285 3678 386 3735 onas.
408 3682 545 3748 comparo,
561 3680 591 3746 β.
609 3726 641 3735 ..
669 3684 812 3743 (1111111811
828 3695 865 3747 et,
878 3688 946 3736 Pina
959 3687 993 3735 D.
1015 3683 1078 3742 cuin
1093 3689 1128 3743 at,
1145 3686 1211 3747 adr.
1233 3684 1299 3742 Quid

177 3756 208 3810 et,
220 3767 239 3800 r.
259 3791 290 3800 ..
309 3750 415 3812 hominu,
427 3753 496 3801 Tar.
519 3750 629 3809 amau,
642 3748 713 3818 ᾰβγ.
737 3753 840 3805 lomim
850 3751 949 3816 quidum
959 3750 996 3800 ud
1005 3767 1101 3812 aeneam
1113 3753 1147 3801 K.
1166 3792 1198 3801 ..
1215 3752 1296 3800 vibra-

179 3824 218 3866 tur
232 3818 364 3880 tubamque,
379 3819 413 3868 Κ.
430 3858 462 3868 ...
488 3826 647 3879 emmanu,
664 3821 702 3869 ita
711 3837 760 3872 nos
771 3822 925 3885 scripsimus.
952 3824 1085 3879 munuera,
1105 3810 1153 3866 Oa.
1180 3826 1296 3881 contacto,

179 3885 254 3949 Tur.
271 3893 424 3945 annocum,
435 3880 464 3946 β.
481 3886 542 3936 Vid.
553 3887 586 3936 sti
599 3891 640 3947 1³,
653 3892 710 3937 las.
727 3928 760 3939 ..
778 3903 836 3950 suu,
847 3888 920 3937 codd.
932 3886 989 3938 Gal.
1010 3885 1055 3948 uis,
1067 3887 1141 3936 'ran
1155 3886 1212 3937 Om.
1225 3904 1244 3937 r.
1264 3927 1295 3936 ..

178 3954 284 4014 quad.
301 3967 435 4016 quoquae.
452 3990 484 4002 ..
502 3955 672 4016 eamd.

212 4036 263 4100 §⁵-
281 4037 443 4099 amana
462 4031 619 4101 tanto,dss7.
637 4075 669 4086 ..
687 4051 718 4084 oc
794 4036 917 4096 ‚Barban
935 4036 1145 4100 almostam
1164 4077 1196 4085 -
1214 4034 1259 4096 lia,
1271 4053 1295 4086 a,

180 4143 210 4151 ..
229 4102 319 4164 iuvant
331 4119 354 4153 a.
364 4104 459 4167 fovent,
470 4105 524 4154 Td.
536 4145 568 4154 ..
586 4094 743 4165 mainil*
779 4120 799 4153 r.
816 4103 952 4166 muana,
963 4105 1008 4154 ad.
1026 4104 1178 4165 manationi,
1190 4105 1294 4154 Barbar.

178 4164 208 4227 β.
227 4211 257 4219 ..
282 4170 355 4231 mco,
371 4173 455 4221 KTd.
482 4170 554 4232 arbt'a,
570 4186 592 4221 a
619 4169 703 4231 verbu,
714 4184 735 4221 r.
762 4169 844 4233 turbu,
860 4165 889 4232 β.
908 4212 940 4220 -
964 4186 1009 4235 per
1024 4186 1099 4234 amru,
1112 4189 1130 4224 r.
1151 4212 1181 4221 ..
1205 4186 1293 4233 quo,a.

179 4236 297 4299 quantam,
309 4238 361 4287 Tu.
381 4278 411 4286 ..
429 4237 514 4301 pretio,
526 4239 567 4288 α’.
587 4277 617 4288 ..
636 4245 730 4299 constet,
743 4237 773 4288 T.
792 4246 821 4301 at,
834 4255 856 4289 a
870 4239 958 4291 omitt.
971 4242 987 4290 d
1018 4254 1043 4304 γ.
