2896 4792
376 316 446 364 ma.
462 317 523 364 xx.
555 315 634 363 cnr.
649 314 724 362 mv,
739 313 800 359 ru.
829 309 927 360 sacr.
943 312 1025 357 u-aa
1195 291 1256 358 331

106 475 113 480 “
180 469 231 535 58.
253 468 314 534 Est
329 467 456 534 cumino
471 463 666 531 simillimum
686 463 772 548 quod
787 460 905 528 Graeci
920 471 1036 528 vocant
1049 462 1161 539 ammi3
1184 461 1256 547 qui·
1273 478 1320 524 rsa

137 569 212 633 dam
237 591 313 635 vero
336 566 565 652 Aethiopicum
595 565 759 632 cuminum
779 563 814 628 id
836 585 906 630 esse
928 563 1133 629 existumant.
1170 562 1258 648 Hip·

137 681 286 757 pocrates
307 670 434 758 regium
455 668 613 755 appellat,
635 667 786 732 videlicet
807 666 883 749 quia
905 665 1071 731 efficacius
1092 664 1260 750 Aegyptio
1369 736 1374 744 Κ

136 771 307 848 iudicavit3
330 770 475 856 plerique
496 767 626 833 alterius
647 777 780 832 naturae
794 766 829 831 in
844 776 948 831 totum
963 774 1087 851 putant,
1110 765 1260 850 quoniam

138 871 181 938 sit
202 872 317 938 exilius
338 881 371 936 et
392 869 572 937 candidius.
595 865 718 934 Similis
732 878 841 934 autem
862 877 893 933 et
913 867 989 932 huic
1002 889 1098 944 usus3
1120 889 1259 952 namque

137 983 171 1040 et
189 972 329 1060 panibus
349 971 580 1038 Alexandrinis
608 969 767 1037 subicitur
793 979 826 1036 et
847 968 1060 1035 condimentis
1080 969 1259 1056 interponi·

139 1084 201 1140 tur.
222 1073 407 1138 Inflationes
429 1084 462 1138 et
485 1071 621 1137 tormina
642 1071 789 1150 discutit,
813 1071 923 1137 urinas
945 1079 979 1136 et
998 1083 1165 1135 menstrua
1185 1069 1259 1152 ciat,
1275 1085 1323 1133 tet

138 1175 321 1264 suggillata,
343 1174 510 1239 oculorum
529 1172 701 1261 epiphoras
715 1172 854 1260 mitigat,
876 1194 950 1238 cum
962 1172 1020 1236 lini
1036 1172 1156 1238 semine
1172 1194 1260 1238 scor-

138 1275 271 1362 pionum
299 1275 383 1341 ictus
409 1275 443 1340 in
467 1275 545 1345 ‚vino
570 1284 684 1361 potum
708 1273 870 1339 drachmis
898 1272 1025 1339 duabus
1047 1272 1261 1359 privatimque

138 1388 336 1443 cerastarum
358 1400 431 1443 cum
452 1376 524 1463 pari
545 1376 691 1463 portione
716 1397 858 1451 murrae3
895 1375 1032 1440 colorem
1059 1395 1189 1458 quoque
1209 1373 1260 1439 bi·

137 1479 284 1545 beatium
302 1478 447 1544 similiter
468 1487 570 1544 mutat
590 1478 624 1542 in
646 1476 810 1563 pallorem.
833 1473 986 1541 Suffitum
1000 1497 1074 1540 cum
1086 1497 1152 1541 uva
1164 1496 1263 1562 passa

138 1591 195 1646 aut
221 1581 331 1646 resina
356 1580 482 1646 volvam
508 1591 637 1668 purgat.
673 1577 822 1644 Tradunt
854 1577 981 1644 facilius
1009 1576 1177 1664 concipere
1206 1598 1262 1644 eas

138 1703 222 1766 quae
244 1681 418 1748 odorantur
438 1681 473 1746 id
493 1702 552 1767 per
574 1680 704 1747 coitum.

182 1783 233 1847 59.
266 1780 320 1846 De
347 1781 479 1869 cappari
507 1783 585 1848 satis
617 1782 759 1847 diximus
785 1782 871 1847 inter
898 1780 1087 1868 peregrinos
1117 1779 1262 1846 frutices.
1277 1795 1325 1841 166

138 1880 211 1949 Non
232 1882 390 1949 utendum
411 1883 641 1963 transmarin03
664 1883 865 1950 innocentius
888 1893 938 1949 est
956 1882 1115 1948 Italicum.
1137 1879 1263 1947 Ferunt

140 2005 195 2050 eos
223 1983 279 2068 qui
309 1984 426 2050 cotidie
452 1984 487 2051 id
514 1984 615 2050 edunt
635 1985 779 2072 paralysi
804 2008 869 2050 non
891 1984 1067 2072 periclitari
1088 2005 1150 2050 nec
1169 1983 1263 2050 lienis

55 2088 59 2093 ’
140 2083 322 2162 doloribus3
356 2086 450 2152 radix
472 2087 542 2153 eius
563 2086 742 2173 vitiligines
763 2086 854 2154 albas
876 2087 973 2165 tollit,
996 2086 1024 2152 si
1046 2087 1120 2151 trita
1140 2085 1176 2151 in
1198 2087 1264 2151 sole

138 2185 303 2251 fricentur.
326 2183 487 2273 Splenicia
508 2187 641 2274 prodest
661 2188 695 2252 in
717 2187 793 2252 vino
810 2198 907 2273 potus
920 2187 1041 2254 radicis
1056 2199 1167 2254 cortex
1182 2188 1263 2254 dua·
1279 2199 1326 2248 166

139 2287 201 2352 bus
218 2286 378 2352 drachmis
393 2288 524 2373 dempto
537 2288 736 2354 balinearum
756 2312 829 2367 usu,
852 2290 1022 2373 feruntque
1039 2312 1134 2355 xxxv
1149 2288 1265 2356 diebus

140 2410 198 2473 per
218 2388 344 2452 urinam
367 2396 399 2452 et
419 2388 524 2454 alvom
546 2397 648 2453 totum
669 2382 785 2454 lienem
807 2390 901 2454 mitti.
934 2389 1064 2454 Bibitur
1084 2390 1118 2453 in
1138 2389 1264 2456 lumbo·
1357 2424 1361 2445 ι

141 2511 212 2553 rum
235 2487 399 2553 doloribus
420 2510 458 2553 ac
479 2489 637 2574 paralysi3
667 2489 811 2554 dentium
833 2489 959 2555 dolores
981 2490 1074 2556 sedat
1096 2490 1207 2555 tritum
1221 2512 1263 2557 ex

140 2601 232 2658 aceto
262 2612 372 2657 semen
400 2590 568 2657 decoctum
594 2592 648 2657 vel
675 2591 868 2658 manducata
888 2593 991 2657 radix.
1024 2591 1211 2657 Infunditur
1231 2602 1264 2657 et
1279 2604 1326 2651 167

140 2695 265 2760 aurium
286 2692 389 2759 dolori
412 2693 580 2759 decoctum
601 2695 682 2760 oleo.
709 2693 829 2759 Ulcera
851 2715 933 2778 quae
954 2694 1183 2782 phagedaenas
1204 2716 1274 2763 vo·¹
1335 2736 1337 2740 ,

140 2806 215 2862 cant
236 2795 313 2861 folia
333 2805 366 2859 et
386 2795 479 2860 radix
500 2818 614 2861 recens
635 2817 709 2862 cum
730 2795 822 2861 melle
845 2807 972 2876 sanant;
1003 2797 1049 2862 sic
1071 2807 1105 2862 et
1126 2807 1264 2863 strumas

140 2896 274 2963 discutit
294 2898 404 2979 radix,
427 2899 591 2985 parotidas
612 2900 869 2983 vermiculosque
890 2908 983 2965 cocta
1004 2899 1039 2964 in
1060 2920 1155 2983 aqua.
1177 2897 1264 2967 Ioci-

140 3073 194 3123 Tc.
214 3113 245 3123 ..
267 3072 441 3135 uctor,'l'ad
464 3072 589 3134 ucriwarn
605 3066 634 3124 θ.
657 3068 835 3136 wicram.
854 3115 885 3123 ..
909 3073 1084 3135 mansuer.
1109 3071 1189 3122 ctam
1201 3071 1264 3132 vico,

139 3135 191 3203 βγ.
210 3180 241 3189 ..
260 3156 324 3202 cera,
336 3144 360 3191 d.
378 3148 464 3202 cetera
477 3158 499 3191 a.

175 3226 259 3286 5162.
282 3222 456 3287 scolopendras,
467 3226 512 3274 ad.
538 3222 574 3273 ud
583 3224 756 3289 scolopendras,
768 3221 821 3290 βγ.
839 3267 871 3276 ..
890 3224 971 3288 celum,
983 3241 1006 3276 a.
1026 3267 1057 3275 ..
1081 3241 1179 3289 quoque,
1192 3226 1264 3275 codd.

141 3290 197 3341 Gal.
223 3306 343 3355 quemque
360 3294 405 3341 ad.
422 3331 455 3341 ..
479 3290 613 3355 penicillus,
626 3295 650 3344 d.
669 3334 700 3342 -
727 3291 896 3358 adstrinpitur,
911 3310 931 3344 r.
951 3334 982 3343 ..
1002 3292 1102 3357 sarah,
1117 3295 1192 3343 codd.
1206 3293 1264 3344 Gcl.

132 3357 222 3421 factu,
234 3359 279 3408 ad.
298 3399 330 3408 ..
349 3356 384 3407 ad
393 3357 491 3420 sonitus,
503 3374 527 3409 a.
545 3367 572 3408 at
581 3358 681 3422 sonitus,
691 3362 715 3410 d.
732 3401 765 3410 -
783 3361 845 3421 sedo,
858 3355 928 3412 Oad.
946 3377 1007 3422 sevo,
1018 3356 1048 3422 β.

174 3444 189 3506 §
204 3448 259 3494 163.
282 3441 338 3503 ami,
350 3443 387 3492 ad
404 3450 481 3507 atque
496 3444 531 3493 ita
548 3459 636 3494 omnes
652 3446 726 3495 codd.
741 3445 769 3494 in
784 3445 867 3495 indice
882 3446 959 3496 huius
971 3446 1036 3507 libri,
1053 3448 1216 3505 stradam,
1231 3460 1266 3497 an

141 3510 306 3573 praeferenda
316 3511 349 3560 sit
361 3512 425 3561 haec
437 3512 561 3576 scriptura
571 3513 613 3562 vel
624 3512 704 3565 invito
716 3513 869 3564 Dioscorida
881 3519 906 3575 3,
920 3519 960 3564 63.
984 3553 1016 3563 ..
1038 3511 1266 3578 quidum-Hippo

141 3593 277 3628 0166.-
304 3577 431 3643 Aepyptia
447 3580 548 3630 Pinta.
575 3577 692 3645 Acpypta
708 3580 760 3631 Tu.
787 3578 813 3628 in
828 3578 945 3645 Acyypta
960 3575 990 3642 β.
1012 3621 1036 3630 -
1068 3580 1199 3645 iudicabat,
1212 3583 1265 3633 Td.

142 3686 172 3694 ..
191 3645 323 3706 subiicitur,
335 3646 408 3696 Tac.
425 3647 551 3712 subiqt'tur,
563 3648 596 3698 K.
614 3645 732 3709 subditur,
744 3648 817 3698 codd.
831 3647 887 3700 (iel.
900 3642 929 3708 β.
1201 3675 1207 3683 ·

175 3727 261 3788 §let
284 3728 377 3791 uanas,
392 3723 491 3783 OTad.
517 3727 660 3794 amcamst.
679 3773 711 3782 ..
734 3730 860 3793 oculorum,
872 3735 917 3782 ad.
945 3728 1167 3796 etoculcrumfir.
1186 3773 1217 3782 ..
1240 3732 1266 3782 ia

142 3793 204 3856 uino,
216 3798 241 3845 d.
259 3795 320 3857 vinc,
332 3814 355 3848 a.
375 3838 407 3847 -
424 3814 527 3863 myrrae,
539 3802 584 3850 ad.
603 3815 709 3864 myrnae,
724 3791 752 3850 θ.
766 3840 798 3849 -
816 3807 860 3848 aut
870 3799 960 3861 resina,
971 3804 1015 3853 ad.
1033 3808 1056 3850 at
1067 3801 1155 3862 retina,
1167 3795 1218 3864 βγ.
1234 3840 1265 3852 .-

142 3860 243 3924 vulvam,
256 3858 355 3914 Orac.
373 3864 464 3928 vulvas,
474 3863 505 3929 β.
523 3908 555 3917 -
574 3865 714 3930 odorantur,
725 3883 749 3919 a.
767 3865 901 3931 odorentur,
913 3864 984 3934 dssr.

175 3947 190 4009 §
205 3951 260 3996 166.
282 3945 383 3998 disimm
397 3956 436 4010 18,
450 3954 506 4002 127.
529 3953 597 4002 Add.
609 3953 726 4004 Dioscor.
739 3959 763 4013 2,
776 3959 833 4004 204.
852 3994 883 4002 -
908 3960 943 4002 est
953 3951 1075 4014 Italicum,
1087 3954 1131 4003 ad.
1154 3949 1265 4013 Italicam

142 4008 247 4076 ecastr.
267 4054 298 4063 ..
317 4015 418 4078 tritas.
440 4012 613 4081 erinacius.
632 4060 663 4070 -
681 4019 807 4082 acastre.

176 4083 260 4144 §ltu
285 4081 411 4145 splenicis,
424 4078 495 4135 osc.
519 4084 707 4149 spleneticast.
728 4130 759 4138 ..
774 4087 929 4151 prodeaad.
947 4130 979 4139 ..
1000 4093 1079 4152 pctus,
1092 4089 1116 4137 d.
1136 4083 1265 4150 potuast.

142 4189 173 4196 -
193 4147 495 4213 dantobctincurum,d.
514 4193 545 4202 ..
568 4157 667 4214 arcad.
686 4197 717 4206 ..
736 4156 824 4220 feram
840 4153 911 4219 quod,
923 4158 948 4206 d.
968 4197 998 4206 -
1026 4154 1157 4218 mitti,ad.
1183 4153 1266 4217 scritti,

141 4211 191 4280 βγ.
211 4257 242 4266 ..
261 4215 387 4281 decoctum,
399 4237 422 4270 a.
440 4219 478 4269 vel
488 4218 613 4283 decoctam,
628 4215 707 4274 OTd.

176 4287 191 4348 5
210 4288 265 4337 167.
293 4285 480 4352 vermiculosque,
498 4290 544 4340 ad.
570 4288 710 4354 auriumque
726 4288 874 4354 vemdrloa,
891 4291 925 4342 Κ.
