2896 4792
339 252 409 300 um.
422 254 499 300 -xvu
527 253 605 300 car.
620 253 841 303 xxn-xrrv.
870 253 969 305 suos.
985 255 1069 302 aaa
1222 240 1264 304 23

149 405 378 470 laudatissima.
405 403 493 470 Alba
513 405 590 470 folio
604 403 735 483 bicolor,
756 427 896 492 superne
910 406 1093 485 candicans,
1115 406 1263 473 inferiore
1277 427 1308 471 ss

148 517 241 593 parte
262 507 356 573 viridi
362 533 372 585 ;
394 506 470 573 huic
489 507 665 594 nigraeque
687 517 719 573 et
740 508 861 574 crotoni
882 507 916 573 in
936 507 1069 574 iuventa
1090 507 1262 576 circinatae

148 609 352 675 rotunditatis
374 619 463 688 sunt,
492 607 667 674 vetustiora
687 608 722 672 in
742 608 879 698 angulos
900 620 1032 688 exeuut3
1062 631 1081 676 e
1103 609 1263 675 contrario

147 709 283 777 hederae
305 711 461 798 angulosa
480 708 701 775 rotundantur.
727 709 926 798 Populorum
946 710 1030 777 foliis
1051 711 1264 800 grandissima

146 813 266 900 lanugo
288 814 402 891 evolat,
425 811 591 890 candidae,
613 802 749 878 traditae
769 812 846 879 folio
866 813 1096 893 numerosiore,
1126 813 1263 881 candida

146 923 178 980 et
196 924 235 979 ut
255 914 332 980 villi.
355 912 447 980 Folia
467 912 609 1002 granam
631 924 665 979 et
685 915 865 1001 amygdalis
886 913 1045 980 rubentia.

187 1017 240 1082 36.
257 1015 396 1080 ‘Mirum
421 1016 455 1080 in
480 1014 592 1100 primis
618 1015 653 1080 id
679 1016 767 1100 quod
787 1017 874 1083 ulmb
897 1016 1046 1100 tiliaeque
1068 1023 1101 1079 et
1121 1014 1210 1080 oleae
1231 1024 1263 1082 et
1276 1034 1307 1082 sr

144 1118 264 1204 populo
283 1116 373 1183 albae
393 1126 426 1182 et
440 1116 528 1182 salici
543 1116 650 1182 evenit
655 1140 664 1194 ;
687 1117 948 1205 circumaguntur
961 1115 1046 1183 enim
1061 1115 1138 1181 lolia
1152 1138 1262 1182 earum
1364 1145 1369 1169 ¹

144 1229 218 1306 post
245 1217 417 1286 solstitium
441 1239 501 1283 nec
523 1217 585 1283 alio
606 1227 793 1306 argumento
814 1219 934 1285 certius
954 1217 1151 1304 intellegitur
1172 1218 1262 1286 sidus

143 1320 335 1398 confectum.
367 1316 504 1385 XXIV.
526 1317 590 1383 Est
611 1329 643 1384 et
664 1318 794 1404 publica
814 1319 956 1385 omnium
969 1319 1119 1386 loliorum
1132 1320 1167 1384 in
1180 1318 1261 1406 ipsis
1275 1341 1306 1385 ss

144 1421 342 1500 differentia3
366 1443 504 1506 namque
523 1442 600 1506 pars
618 1420 750 1487 inferior
764 1444 784 1486 a
797 1432 884 1488 terra
896 1421 1030 1487 herbido
1044 1421 1128 1487 viret
1141 1421 1260 1498 colore;

143 1522 184 1590 ab
206 1524 318 1589 eadem
338 1522 458 1589 leviora
478 1544 594 1588 nervos
616 1522 796 1608 callumque
817 1534 851 1590 et
871 1522 1022 1590 articulos
1042 1522 1077 1587 in
1096 1522 1262 1609 superiore

142 1623 262 1692 habeut
282 1635 385 1711 parte,
406 1624 565 1690 incisuras
585 1646 662 1690 vero
684 1635 794 1711 supter
812 1636 848 1690 ut
862 1647 976 1690 manus
989 1623 1138 1689 humana.
1160 1620 1261 1689 Oleac

144 1743 282 1813 superne
297 1724 483 1792 candidiora
498 1736 531 1791 et
543 1725 650 1791 minus
663 1727 758 1806 levia,
773 1728 850 1793 item
863 1725 1012 1792 hederae.
1036 1722 1105 1791 Sed
1119 1725 1261 1790 omnium

142 1826 221 1892 lolia
242 1829 358 1894 cotidie
380 1828 423 1892 ad
444 1828 544 1894 solem
564 1826 712 1906 oscitant,
733 1827 899 1894 inferiores
920 1825 1021 1912 partis
1043 1825 1185 1914 tepefieri
1201 1848 1260 1893 vo·

141 1929 254 2007 leutia3
284 1929 430 2015 superior
454 1950 531 2016 pars
556 1928 698 1995 omnium
722 1929 909 2018 lanuginem
935 1928 1259 2015 quantulamcumque

142 2029 240 2097 habet
260 2053 343 2116 quae
364 2031 399 2096 in
419 2031 490 2096 aliis
511 2031 655 2119 gentium
676 2032 750 2097 lana
772 2042 831 2097 est.

183 2133 236 2199 37.
271 2132 312 2198 In
340 2132 461 2199 oriente
488 2131 576 2197 funis
602 2132 724 2199 validos
750 2156 768 2199 e
794 2133 879 2200 foliis
900 2134 1026 2219 palmae
1046 2131 1116 2198 fieri
1137 2132 1259 2199 dictum
1272 2152 1304 2197 ss

141 2245 191 2303 est
211 2257 331 2320 eosque
351 2235 386 2299 in
406 2256 518 2300 umore
538 2234 683 2300 utiliores
704 2257 786 2301 esse.
813 2233 859 2300 Et
879 2235 968 2320 apud
986 2257 1046 2300 nos
1061 2235 1129 2300 fere
1143 2233 1258 2321 palmis

141 2338 286 2404 amesae
314 2338 547 2424 decerpuntur3
577 2359 618 2403 ex
643 2337 694 2403 bis
720 2337 851 2404 meliora
877 2359 959 2423 quae
986 2360 1057 2403 sese
1083 2359 1150 2402 non
1174 2335 1257 2401 divi-

143 2438 251 2504 serint
288 2435 460 2509 Siccantur
488 2438 660 2506 subtecto
687 2439 851 2525 quaternis
880 2439 1009 2518 diebus,
1039 2460 1113 2505 mox
1134 2437 1257 2504 insola

144 2540 367 2626 expenduntur
394 2551 428 2606 et
452 2540 600 2606 noctibus
625 2538 752 2620 relicta,
782 2541 884 2607 donec
905 2540 1042 2607 candore
1063 2541 1255 2616 inarescant,

144 2650 251 2727 postea
270 2643 306 2707 in
327 2663 426 2728 opera
446 2640 621 2707 finduntur.

142 2796 244 2833 manum
254 2798 308 2832 non
318 2783 448 2834 restituere
458 2783 532 2846 plura
543 2783 642 2832 docent.
659 2783 694 2833 Et
705 2781 815 2846 primurn
825 2781 929 2846 quidem
940 2782 995 2846 ipse
1004 2781 1072 2831 Plin.
1084 2781 1156 2830 illem
1167 2777 1257 2842 populi

140 2851 249 2914 speciem
265 2853 342 2900 modo
355 2849 443 2912 albem,
455 2866 509 2901 uon
520 2847 647 2900 madidam
659 2851 775 2912 ¹dixerat,
798 2850 888 2900 deinde
905 2852 936 2901 de
952 2849 1023 2900 loliis
1040 2846 1256 2900 numerosioribus

83 2978 86 2984 Ι
140 2917 215 2969 huius
226 2920 316 2983 populi
331 2919 396 2969 nihil
408 2921 528 2982 traditur;
544 2926 672 2984 postremo
688 2919 716 2968 in
726 2933 754 2968 re
765 2919 829 2968 adeo
842 2919 893 2968 levi
905 2917 1019 2969 offendat
1029 2931 1131 2968 necesse
1144 2922 1182 2965 est
1193 2914 1257 2963 mira
1334 2958 1341 2971 ,

138 2982 184 3035 illa
199 2987 338 3036 collocatio
356 2988 488 3037 verborum
505 2984 611 3035 candido
627 2993 650 3034 et
665 2993 691 3034 ut
707 2983 772 3047 oilli,
790 3001 855 3050 quae
871 2988 898 3036 h.
915 2987 932 3036 l.
949 3001 1008 3036 cum
1019 2983 1135 3050 emphasi
1146 2982 1256 3047 quadarn

138 3054 267 3104 rhetorica
277 3056 360 3118 posita
370 3063 400 3104 ut
410 3070 462 3104 rem
475 3056 587 3118 aliquam
599 3070 700 3119 prorsus
710 3055 863 3117 singularem
876 3065 1050 3118 exspectemus
1066 3053 1134 3111 lacit,
1152 3058 1181 3101 ut
1191 3050 1257 3100 nihil

139 3122 222 3171 dicam
235 3124 335 3187 deipsis
344 3123 425 3173 verbis
438 3130 461 3170 et
471 3121 563 3184 atrilii,
576 3137 641 3186 quae
651 3123 726 3172 nimis
738 3124 799 3172 dure
811 3131 837 3171 et
845 3123 965 3185 languide
977 3123 1112 3172 adduntur.
1131 3120 1257 3170 Codicum

139 3204 242 3254 quoque
257 3191 410 3241 lectionibus
427 3192 453 3240 in
468 3191 515 3240 illa
532 3191 677 3240 coniectura
692 3190 767 3240 nimis
784 3191 912 3240 arbitraria
927 3207 988 3240 usus
1004 3200 1042 3240 est
1054 3190 1173 3247 Salmas,
1192 3201 1257 3250 quae

135 3258 175 3307 ita
186 3273 241 3307 sese
252 3258 358 3309 habent:
381 3256 499 3306 candidae
512 3255 613 3318 tradita,
631 3274 675 3319 ar,
699 3255 804 3307 condida
821 3265 843 3305 et
853 3256 946 3318 redita,
965 3258 1066 3308 Thuan.
1079 3272 1121 3373 ap.
1134 3255 1256 3313 Salmas.;

138 3322 243 3373 condida
255 3324 354 3387 tradito,
366 3327 401 3389 Τ;
420 3324 537 3375 candidae
549 3324 661 3387 traditae,
673 3327 702 3389 d3
716 3323 790 3388 solio,
802 3327 852 3387 ad3
866 3324 922 3389 filo,
934 3327 971 3387 Τ;
989 3333 1012 3373 et
1022 3333 1049 3373 at
1059 3323 1093 3373 vil
1101 3341 1138 3386 ce,
1153 3315 1256 3384 duam

138 3399 173 3440 est
188 3400 216 3442 at
232 3391 302 3456 intur,
313 3411 333 3444 r.
353 3393 422 3445 Certi
434 3395 529 3457 aliquid
543 3395 573 3444 de
584 3394 611 3443 h.
623 3394 641 3443 l.
652 3392 758 3457 proferri
774 3409 826 3443 non
842 3403 933 3457 potest,
948 3394 1095 3457 praesertim
1111 3408 1169 3442 cum
1180 3392 1256 3451 Plin.,

138 3461 176 3510 uti
188 3461 296 3512 Salmas·
308 3469 333 3512 et
343 3463 395 3513 Fec
407 3464 555 3523 docuerunt,
568 3462 644 3511 etiarn
656 3463 682 3512 in
692 3463 742 3511 hac
753 3476 780 3511 re
791 3463 878 3512 multis
890 3476 943 3512 sese
954 3462 1107 3525 implicuerit
1119 3461 1256 3522 erroribus;

137 3543 190 3578 non
205 3529 374 3593 improbabile
390 3540 475 3580 tamen
489 3531 591 3583 videtur
601 3531 714 3580 Plinium
725 3531 853 3593 scripsisse
869 3527 956 3594 lunayo
972 3528 1050 3578 euolat
1065 3526 1171 3577 madido
1181 3536 1205 3576 et
1215 3545 1256 3576 rc-

138 3593 259 3659 ds'atefilo
271 3597 435 3660 numerosiore,
447 3595 551 3647 candida
563 3596 714 3661 (scalenugo
726 3594 823 3658 evolat)
835 3605 858 3645 et
869 3595 971 3659 (etiam)
981 3633 1054 3647 .....
1064 3597 1096 3648 In
1107 3598 1197 3648 litteris
1208 3599 1256 3648 sci·

138 3663 198 3713 licet
214 3672 240 3712 at
256 3663 327 3714 vilbre
342 3667 406 3717 latet
422 3667 518 3717 arboris
529 3666 636 3716 alicuius
647 3680 748 3724 nomen,
765 3681 837 3728 quae,
856 3667 915 3730 quia
927 3666 1034 3715 similem
1048 3666 1144 3730 populo
1156 3666 1256 3728 lanugi-

137 3745 197 3782 nem
209 3735 308 3794 emittit‚
325 3735 352 3784 h.
364 3735 382 3784 l.
395 3751 411 3784 a
421 3735 506 3784 Plinio
524 3750 557 3784 ex
567 3749 639 3784 more
655 3749 701 3784 suo
719 3734 800 3784 obiter
811 3735 919 3785 additur.
946 3731 1064 3784 candidae
1080 3731 1183 3795 (tradita
1190 3731 1256 3796 folio

138 3801 295 3850 namacaiore
307 3799 422 3864 candido)
438 3809 465 3851 ot
479 3800 549 3864 inlus,
565 3797 595 3864 β.
621 3810 648 3851 ut
663 3799 718 3864 iuli,
733 3803 868 3852 Barbarus.
895 3810 918 3850 et
929 3809 956 3850 at
966 3817 1033 3864 avae,
1047 3803 1169 3853 Harduiu.
1196 3801 1257 3851 Alia

137 3869 257 3932 proponit
267 3870 455 3935 Delecampius.

171 3938 240 4000 588.
259 3935 378 4001 filioram,
391 3955 414 3989 a.
438 3936 878 4002 pabls'cafoliornmirsomasburipsrh
889 3937 1078 4002 differentiaK,
1101 3937 1221 3988 Ceterum
1233 3955 1255 3989 v.

140 4003 362 4068 Theophr.l.l.1.
376 4012 416 4068 10,
429 4013 453 4057 2.
473 4048 504 4056 ..
522 4005 668 4067 articulatos,
680 4009 716 4056 a¹.
735 4049 767 4058 ..
785 4005 904 4068 aiebatis,
916 4025 940 4057 a.

171 4074 239 4136 §8⁹.
257 4072 331 4136 felib
343 4071 504 4137 palmaqad.
527 4072 713 4138 polmcefols'r's,
726 4070 776 4140 βγ.
795 4114 827 4124 ..
851 4074 937 4125 dictam
949 4079 1089 4134 est13,³0.
1109 4114 1140 4123 -
1159 4090 1256 4136 aerea

137 4138 258 4191 Ceterum
273 4158 297 4190 v.
312 4142 442 4206 Theophr.
459 4143 477 4193 t
493 4144 511 4194 l.
528 4142 563 4192 11.
577 4149 600 4205 6,
615 4149 653 4193 10.
672 4183 704 4192 ..
728 4142 895 4206 decerpuntur,
906 4160 929 4193 a.
949 4183 980 4190 -
1002 4156 1032 4188 ee
1047 4139 1095 4203 tu,
1112 4145 1185 4194 codd.
1199 4143 1254 4195 Gel.

138 4205 180 4324 Eis,
197 4211 299 4340 adm}
321 4225 371 4258 sese
386 4225 433 4258 noa
450 4207 608 4273 debedatd
625 4207 713 4274 (codd.
727 4208 797 4272 Gal.)
815 4226 864 4260 ease
875 4226 921 4260 roa
932 4206 1014 4259 divtiis
1025 4209 1077 4272 erit,
1089 4225 1113 4261 a.
1131 4253 1163 4262 -
1178 4218 1255 4274 'tectu

157 4311 163 4324 .
183 4317 215 4328 ...
295 4283 374 4340 antur,
387 4279 411 4328 d.

1383 384 1393 413 Ι
