2896 4792
205 258 244 321 76
552 271 755 319 naruunms
777 271 971 319 maronias

203 424 404 507 pumicosae3
438 424 510 508 plus
537 421 618 486 dixit
651 446 715 488 una
743 422 986 511 significatione,
1014 443 1109 506 quam
1133 423 1235 509 possit
1258 421 1325 486 ulla

204 525 298 611 copia
319 524 473 589 sermonis
495 525 645 588 enarrari.
678 523 742 588 Est
769 524 854 588 enim
882 523 1144 608 interpretatione
1172 523 1325 588 vitiorum

202 626 360 711 quaedam
388 647 452 689 non
479 635 593 701 aetate,
623 646 705 709 quae
732 625 819 691 nulla
839 624 873 688 in
896 646 934 688 ea
955 624 1098 709 intellegi
1120 634 1237 708 potest,
1266 625 1326 690 sed

203 739 318 791 natura
340 749 398 790 sua
420 748 500 790 anus
524 737 610 790 terra
631 738 663 790 et
683 726 756 791 ideo
777 725 950 792 infecunda
970 725 1012 788 ad
1034 725 1141 789 omnia
1162 735 1259 808 atque
1273 727 1324 791 in-

203 827 326 894 becilla
357 826 450 891 Idem
472 849 587 914 agrum
609 838 775 913 optumum
801 824 986 891 indicated
1008 825 1148 891 radicem
1171 827 1326 891 montium
1339 841 1371 885 as

204 929 333 1016 planitie
360 928 394 991 in
416 927 584 992 meridiem
606 939 809 1005 excurrente,
833 928 889 1012 qui
911 937 959 992 est
980 927 1078 991 totius
1097 927 1212 992 Italiae
1234 929 1326 1004 situs,

205 1040 323 1095 terram
349 1051 426 1093 vero
453 1039 596 1093 teneram
623 1049 704 1112 quae
732 1039 865 1093 vocetur
890 1029 988 1114 pulla.
1023 1027 1096 1091 Erit
1121 1029 1220 1116 igitur
1245 1027 1327 1094 haec

204 1143 336 1216 optuma
358 1140 390 1195 et
412 1129 501 1215 operi
523 1140 556 1194 et
578 1130 671 1206 satis3
695 1130 879 1216 intellegere
894 1129 990 1195 modo
1004 1129 1102 1194 libeat
1116 1129 1234 1194 dictam
1245 1129 1328 1193 mira

204 1230 436 1318 significatione
459 1240 612 1309 teneram,
641 1242 674 1295 et
695 1231 852 1317 quidquid
874 1230 977 1315 optari
999 1231 1095 1296 debet
1115 1231 1149 1294 in
1171 1252 1208 1296 eo
1229 1252 1325 1295 voca-

204 1332 280 1397 bulo
302 1332 493 1397 invenietur.
515 1331 575 1397 Illa
597 1342 794 1416 temperatae
816 1333 985 1410 ubertatis,
1008 1332 1063 1397 illa
1084 1331 1188 1396 mollis
1203 1329 1370 1396 facilis-³⁷

203 1455 266 1518 que
295 1433 449 1512 culturae,
476 1456 536 1498 nec
567 1434 697 1498 madida
727 1457 787 1500 nec
816 1434 943 1511 sitiens3
976 1434 1030 1499 illa
1063 1445 1137 1518 post
1163 1455 1326 1497 vomerem

204 1534 373 1613 nitescens,
402 1535 529 1618 qualem
549 1536 620 1600 fons
641 1536 845 1621 ingeniorum
865 1535 1029 1600 Homerus
1050 1535 1084 1598 in
1106 1533 1203 1598 armis
1224 1556 1244 1597 a
1265 1532 1326 1597 deo

204 1636 356 1701 caelatam
384 1636 466 1702 dixit
492 1637 680 1722 addiditque
708 1638 896 1702 miraculum
923 1636 1145 1724 nigrescentis,
1179 1635 1327 1718 quamvis

203 1736 295 1802 fieret
317 1761 358 1803 ex
380 1759 477 1815 aur0;
500 1737 673 1821 illaquam
695 1748 856 1803 recentem
878 1737 1052 1821 exquirunt
1065 1736 1219 1823 inprobae
1234 1735 1327 1802 alites

204 1859 366 1902 vomerem
390 1839 575 1902 comitantes
597 1839 746 1923 corvique
769 1838 904 1903 aratoris
926 1838 1065 1925 vestigia
1083 1839 1154 1925 ipsa
1167 1836 1326 1902 rodentes.

205 1938 373 2002 Reddatur
401 1938 462 2003 hoc
488 1939 522 2003 in
550 1940 620 2004 loco
648 1938 794 2004 luxuriae
823 1961 951 2024 quoque
980 1940 1138 2005 sententia
1159 1939 1272 2004 Italica
1291 1938 1326 2003 in
1340 1952 1373 1997 ³⁸

204 2039 422 2126 propositum3
446 2050 533 2105 certe
557 2037 673 2106 Cicero
694 2041 750 2105 lux
770 2040 984 2106 doctrinarum
1004 2042 1114 2118 altera,
1137 2040 1325 2118 ,‚meliora'',

209 2140 324 2224 inquit,
348 2153 535 2228 „unguenta
558 2151 633 2206 sunt
654 2162 736 2225 quae
760 2151 877 2208 terram
897 2165 994 2227 quam
1015 2164 1098 2227 quae
1118 2164 1246 2207 crocum
1273 2163 1326 2205 sa·

204 2241 338 2327 piunt'';
362 2242 423 2307 hoc
444 2242 529 2307 enim
551 2243 663 2308 maluit
685 2243 805 2309 dixisse
826 2266 923 2328 quam
944 2243 1097 2308 redolent.
1120 2242 1171 2307 Ita
1186 2252 1235 2308 est
1249 2264 1324 2328 pro·

206 2343 306 2418 fecto;
328 2342 383 2406 illa
410 2344 471 2409 erit
499 2356 630 2430 optuma
660 2367 742 2428 quae
764 2355 928 2432 unguenta
949 2344 1062 2430 sapiet.
1098 2342 1196 2425 Quod
1219 2344 1245 2408 si
1268 2343 1326 2407 ad·
1340 2356 1374 2402 aa

206 2444 355 2508 monendi
378 2467 498 2522 sumus,
531 2446 635 2529 qualis
669 2446 710 2510 sit
742 2456 847 2511 terrae
878 2446 958 2510 odor
989 2446 1042 2510 ille
1068 2444 1124 2529 qui
1152 2442 1334 2527 quaeritur,

207 2546 365 2635 contingit
398 2570 494 2634 saepe
528 2548 624 2614 etiam
653 2548 838 2632 quiescente
865 2571 903 2613 ea
931 2548 991 2613 sub
1019 2569 1169 2613 occasum
1196 2546 1272 2611 solis
1293 2545 1327 2608 in

238 2756 380 2819 pumicosae,
398 2758 459 2806 adr.
485 2764 507 2804 et
520 2755 662 2820 primiceriae,
679 2751 730 2820 βγ.
750 2797 779 2806 ..
800 2772 921 2806 enarrare.
942 2755 990 2804 Est
1005 2755 1065 2804 enim
1078 2756 1102 2803 in
1112 2753 1243 2813 tentatione,
1255 2768 1274 2801 r.
1294 2792 1325 2802 ..

206 2840 259 2882 suu,
272 2840 322 2873 om.
335 2824 367 2873 T.

241 2895 308 2956 §dd
334 2889 401 2939 Idem
417 2892 449 2940 de
464 2906 492 2939 re
507 2901 567 2941 rust.
583 2898 605 2951 1,
618 2898 641 2941 3.
665 2933 696 2940 -
723 2889 758 2939 od
773 2888 885 2949 redicem,
901 2905 924 2939 a.
951 2887 1084 2948 tetradiae,
1101 2888 1155 2939 To.
1181 2883 1326 2945 sabradice,

206 2960 274 3009 Pint.
294 3000 324 3008 -
346 2957 469 3021 planitiam,
481 2973 504 3007 a.
524 2999 555 3006 -
575 2959 662 3021 potius,
674 2963 719 3009 ad.
739 2999 770 3008 ...
793 2965 888 3017 terram,
901 2956 966 3007 Cato
981 2961 1036 3015 151,
1049 2962 1072 3006 2.
1092 2995 1123 3004 ..
1147 2951 1246 3012 stautai,
1258 2952 1326 3002 Pint.

208 3034 231 3074 et
241 3034 304 3087 sata,
317 3026 370 3074 To.
393 3025 465 3086 satia,
481 3017 523 3072 Oa
535 3025 621 3086 (codd.
633 3024 761 3087 Barbari).
782 3037 852 3084 sana,
863 3041 885 3074 r.
907 3022 989 3083 satior,
1001 3019 1031 3084 β.
1054 3037 1133 3080 sama,
1146 3020 1255 3071 Turneb.
1269 3022 1326 3069 adv.

209 3097 250 3154 rt,
264 3099 303 3142 14.
320 3094 361 3141 De
370 3108 445 3143 sensu
454 3094 636 3144 emendationis
645 3095 763 3144 Pintiano
773 3092 910 3153 assentior;
922 3092 1059 3141 videndum
1068 3098 1161 3148 tamen,
1173 3102 1260 3137 annon
1268 3102 1327 3150 pro-

208 3161 265 3225 pius
280 3175 296 3208 a
313 3161 422 3224 vestigiis
439 3161 555 3209 codicum
573 3168 596 3208 et
611 3158 646 3208 ed
662 3169 718 3209 sato
729 3161 761 3211 sit
771 3160 916 3223 legendum,
933 3167 962 3208 ut
973 3159 1077 3209 variatio
1090 3165 1230 3208 structurae
1242 3155 1327 3204 Plinio

208 3229 301 3278 usitata
312 3228 373 3279 huic
385 3230 444 3277 loco
457 3231 585 3289 reddatur3
597 3244 621 3277 v.
633 3231 664 3278 ad
677 3235 718 3289 35,
733 3232 788 3278 171.
808 3267 839 3276 ..
858 3225 931 3287 dicta
943 3229 967 3275 d.
981 3268 1012 3276 ..
1030 3226 1078 3287 ira,
1090 3241 1114 3274 a.
1127 3263 1159 3274 ..
1177 3220 1295 3286 quicquid,
1304 3239 1327 3272 a.

243 3297 309 3357 §Sl
336 3295 573 3356 Hammoniada,
588 3302 644 3345 541.
665 3338 695 3345 -.
714 3294 794 3355 adeo,
806 3295 900 3346 Sabell.
913 3302 939 3344 et
950 3295 1055 3345 Barbar.
1074 3294 1105 3341 ab
1117 3308 1151 3352 eo,
1164 3294 1209 3341 ad.
1228 3332 1258 3340 -
1283 3288 1328 3338 od-

189 3360 315 3425 ›diditque
328 3367 384 3413 547.
408 3404 438 3412 -
466 3363 738 3427 ciprescentt'aBarbar.
766 3361 921 3424 increscentis,
934 3364 994 3412 adr.
1013 3403 1044 3412 -
1068 3375 1176 3416 eramo,
1189 3352 1276 3408 Oadr.
1304 3356 1329 3405 in

209 3446 276 3487 auro,
288 3425 339 3493 βγ.
353 3472 384 3480 -
403 3428 519 3491 radentes,
532 3432 566 3481 Κ.

243 3500 311 3562 538.
344 3496 446 3557 Italica,
464 3500 499 3548 ita
515 3514 563 3549 nos
580 3500 732 3562 scripsimus.
759 3506 782 3546 et
798 3496 889 3561 aliqua,
906 3493 999 3560 adssy.
1032 3496 1063 3545 In
1079 3495 1254 3545 emendatione
1270 3508 1329 3542 mea

209 3581 313 3631 prorsus
330 3567 478 3626 necessaria,
494 3582 551 3615 cum
568 3568 673 3629 vulgata
689 3567 820 3629 scriptura,
838 3580 998 3628 quocumque
1014 3563 1135 3621 toseriis,
1152 3561 1273 3624 explicari
1286 3576 1330 3610 ne-

172 3676 179 3687 ,
210 3643 294 3697 queat,
310 3635 462 3683 mutationes
477 3634 618 3684 litterarum
630 3634 682 3683 fere
694 3635 787 3683 nullae.
811 3633 925 3696 Opponit
936 3633 1001 3682 Plin.
1014 3630 1131 3680 Italicam
1147 3630 1213 3677 hauc
1229 3634 1329 3676 senten-

210 3703 272 3752 tiam
283 3701 433 3752 Homericae
450 3704 528 3751 modo
541 3703 658 3751 laudatae
670 3716 777 3763 eamque
788 3701 929 3750 accuratius
941 3699 1060 3749 describit
1069 3696 1150 3746 verbis
1158 3695 1329 3757 sequentibus,

211 3771 237 3819 in
250 3770 340 3833 quibus
352 3770 497 3819 adverbium
509 3777 570 3817 certe
580 3771 730 3832 urgendum.
748 3769 813 3818 Rem
825 3767 927 3816 conficit
938 3769 953 3830 ς
966 3771 1015 3825 93.,
1028 3765 1071 3814 ubi
1081 3765 1148 3813 Plin.
1170 3759 1266 3810 Catonis
1276 3761 1329 3812 Ita-

212 3835 280 3886 licam
294 3840 420 3900 quandam
432 3836 569 3884 sententiam
580 3838 675 3885 laudat.
695 3836 813 3886 Ceterum
826 3834 912 3883 nullus
924 3833 1088 3896 interpretum
1100 3831 1263 3892 inscriptura
1273 3832 1329 3880 vul-

212 3914 271 3967 gata
283 3905 397 3954 offendit.
418 3946 447 3953 ..
470 3902 552 3952 Cicero
565 3905 595 3953 de
608 3912 669 3953 orat.
683 3903 732 3952 111.
745 3907 785 3960 25,
799 3905 839 3949 99.
858 3901 890 3949 V.
903 3916 949 3950 nos
961 3902 993 3949 sd
1007 3905 1046 3960 1³,
1060 3904 1100 3948 21.
1119 3914 1204 3959 ceram,
1217 3898 1331 3961 Scaliger

212 3973 238 4020 in
248 3971 416 4034 Scaligeranis
430 3988 453 4035 p.
468 3977 523 4022 110.
544 4013 574 4024 ..
599 3969 713 4018 illuenim
727 3969 778 4029 erit,
791 3986 810 4017 r.
830 4009 859 4017 „.
883 3965 1025 4029 sapietad.
1042 3961 1194 4030 sapiatssy.

247 4041 313 4102 539.
340 4040 409 4088 etiam
421 4055 500 4102 saepe,
513 4041 537 4087 d.
558 4079 587 4086 -
612 4053 702 4096 measa,
715 4054 734 4086 r.
756 4077 785 4084 -
809 4033 861 4095 soli,
874 4037 899 4083 d.
918 4074 948 4083 ..
972 4032 1082 4082 caelestes
1093 4032 1203 4092 deiecere,
1216 4034 1269 4082 Td.
1293 4049 1330 4080 ce·

214 4103 278 4152 lests's
290 4103 391 4167 deucere,
404 4123 426 4155 a.
445 4104 552 4153 coelestia
563 4103 678 4163 deiecerit,
690 4098 739 4168 βγ.
762 4144 792 4152 ..
811 4101 914 4161 imbrem
927 4118 949 4151 a
970 4143 1000 4151 -
1019 4100 1107 4163 etsole,
1120 4104 1144 4151 d.
1163 4098 1285 4160 staalda
1309 4108 1332 4146 et

213 4169 292 4233 solem,
308 4166 336 4223 θ,
350 4215 380 4223 -
396 4173 478 4237 possit.
491 4172 524 4233 Is,
537 4176 560 4223 d,
576 4171 669 4236 positis,
682 4188 704 4222 a.
720 4213 749 4220 -.
768 4185 825 4230 esse,
837 4173 881 4219 ad.
900 4185 948 4217 esse
960 4168 1019 4218 odor
1031 4170 1062 4228 in,
1073 4165 1124 4232 βγ.
1149 4169 1198 4218 Illa
1215 4170 1331 4217 codicum

214 4239 336 4303 scriptura
351 4250 453 4304 recepta
463 4249 569 4290 conmota
577 4256 624 4304 pro
637 4241 747 4290 ablativo
760 4239 876 4288 absoluto
888 4245 927 4288 est
937 4239 1098 4297 sumendum,
1117 4238 1156 4286 cui
1174 4252 1207 4285 ex
1218 4236 1330 4299 superio·
