2896 4792
367 279 437 325 mn.
453 277 528 323 xm.
560 273 639 322 ons.
654 275 728 322 mv,
745 275 805 321 xv,
833 272 932 320 snus.
948 275 1030 318 tra-a.
1193 254 1255 318 387
1277 311 1284 317 .

137 430 268 517 quidem
281 427 487 506 fertilissima,
511 426 568 494 sed
589 437 626 492 nt
647 448 748 514 prope
769 426 836 491 sola
850 424 891 490 iis
906 446 1014 491 carere
1028 425 1146 509 possit3
1169 434 1258 489 tanta

137 541 188 598 est
209 531 352 598 ciborum
374 551 416 596 ex
436 527 544 594 herbis
567 526 771 593 abundantia.
793 525 832 591 In
854 525 947 592 Italia
968 526 1177 612 paucissimas
1197 548 1257 592 no·

137 631 254 710 vimus,
277 632 379 718 fraga,
401 636 556 708 tamnu‘m,
583 651 723 707 ruscum,
751 626 851 692 batim
873 627 1038 706 marinam,
1061 625 1160 692 batim
1182 627 1257 694 hor·

138 731 274 798 tensium
299 754 396 817 quam
422 731 520 815 aliqui
552 752 745 817 asparagum
773 727 935 795 Gallicum
967 739 1098 806 vocant3
1131 741 1259 816 praeter

137 834 195 900 has
217 833 416 919 pastinacam
437 843 637 919 pratensem,
659 831 771 917 lupum
793 831 1003 909 salictarium,
1027 852 1128 915 eaque
1150 831 1259 898 verius

95 962 98 969 ·
137 933 371 1001 oblectamenta
392 956 489 1018 quam
511 933 609 998 cibos.
1213 949 1216 953 ’

181 1035 232 1100 51.
265 1035 304 1099 In
331 1034 487 1121 Aegypto
512 1033 711 1099 nobilissima
738 1045 787 1099 est
817 1034 974 1100 colocasia
1000 1056 1097 1118 quam
1125 1054 1260 1118 cyamon
1274 1048 1310 1117 sr¹

92 1154 96 1159 ·
138 1137 237 1223 aliqui
264 1146 390 1203 vocant.
426 1135 524 1200 Hanc
546 1156 565 1200 e
586 1133 663 1201 Nilo
689 1146 828 1212 metunt,
857 1134 948 1199 caule
975 1157 1048 1200 oum
1075 1145 1185 1200 coctus
1212 1145 1262 1201 est
1308 1126 1312 1133 ¹

138 1259 293 1304 araneoso
314 1238 348 1301 in
369 1236 565 1315 mandendo,
593 1235 705 1321 thyrso
731 1247 837 1303 autem
864 1235 921 1319 qui
941 1236 1026 1301 inter
1046 1236 1124 1301 folia
1145 1235 1262 1302 emieat

139 1339 318 1426 spectabili,
341 1339 427 1404 foliis
448 1337 624 1415 latissimis,
647 1338 744 1403 etiam
767 1337 794 1402 si
816 1336 958 1403 arboreis
973 1348 1198 1423 conparentur,
1219 1337 1262 1402 ad

139 1440 379 1506 similitudinem
407 1462 517 1505 corum
544 1461 626 1523 quae
648 1448 818 1525 personata
838 1438 872 1502 in
893 1437 1012 1503 nostris
1033 1437 1182 1503 amnibus
1204 1459 1261 1504 vo·

138 1563 257 1620 camus,
279 1541 423 1625 adeoque
443 1538 510 1605 Nili
532 1540 582 1604 sui
605 1538 734 1604 dotibus
756 1538 900 1626 gaudent
920 1547 957 1603 ut
977 1538 1116 1625 inplexis
1138 1538 1260 1605 coloca-

138 1642 204 1708 siae
232 1641 317 1709 foliis
345 1641 379 1705 in
405 1641 526 1706 variam
559 1640 699 1726 speciem
727 1662 876 1705 vasorum
903 1650 1014 1726 potare
1043 1639 1262 1727 gratissimum

138 1742 286 1808 habeant.
320 1739 448 1807 Seritur
467 1742 532 1807 iam
552 1742 632 1807 haec
652 1741 686 1806 in
707 1740 812 1806 Italia.

182 1844 233 1909 52.
255 1842 296 1907 In
317 1843 473 1930 Aegypto
495 1864 654 1929 proxuma
675 1843 848 1909 auotoritas
870 1843 1010 1910 cichorio
1032 1844 1190 1929 estquod
1211 1843 1261 1908 di·
1275 1856 1307 1902 8⁸

140 1945 247 2011 ximus
261 1944 409 2010 intubum
425 1943 604 2010 erraticum.
627 1943 778 2010 Nascitur
791 1955 865 2031 post
886 1945 1049 2034 vergilias,
1070 1945 1165 2012 floret
1184 1968 1261 2033 par·

139 2047 235 2112 tioula
256 2047 341 2123 eius3
369 2047 461 2113 radix
490 2046 521 2111 ei
541 2046 644 2124 lenta,
673 2068 774 2130 quare
797 2047 893 2112 etiam
915 2047 957 2111 ad
979 2046 1108 2114 vincula
1128 2057 1263 2123 utuntur

138 2149 204 2214 illa.
235 2147 423 2214 Anthalium
444 2147 573 2237 longius
595 2171 614 2213 a
635 2146 766 2213 flumine
788 2148 931 2214 nascitur
952 2149 1079 2236 mespili
1100 2149 1261 2238 magnitu-

139 2247 213 2312 dine
235 2258 268 2312 et
288 2248 500 2326 rotunditate,
524 2250 592 2315 sine
613 2250 743 2327 nucleo,
778 2249 846 2316 sine
868 2250 999 2329 cortice,
1034 2251 1112 2316 folio
1134 2250 1245 2339 cyperi
1252 2274 1261 2326 ;

139 2347 294 2413 mandunt
314 2348 383 2435 igni
404 2360 568 2434 paratum,
596 2350 751 2413 mandunt
780 2360 813 2414 et
840 2359 947 2415 cetum
974 2353 1026 2416 eui
1053 2374 1158 2438 pauca
1186 2351 1263 2418 folia

140 2447 356 2532 minumaquc,
378 2470 490 2514 verum
505 2448 599 2515 radix
620 2471 747 2534 magna.
776 2448 964 2516 Arachidna
984 2451 1113 2534 quidem
1136 2462 1167 2517 et
1188 2475 1261 2516 ara·
1275 2465 1307 2509 89

141 2570 195 2614 eos
223 2569 296 2614 cum
317 2549 456 2615 habeant
477 2549 602 2614 radices
622 2571 765 2614 ramosas
787 2570 824 2615 ao
845 2549 1040 2635 multiplicis,
1069 2572 1130 2615 nec
1149 2550 1262 2615 folium

140 2673 199 2717 neo
221 2648 354 2716 herbam
373 2650 472 2717 ullam
492 2654 549 2715 aut
570 2651 741 2735 quicquam
762 2649 850 2716 aliud
871 2673 970 2737 supra
995 2661 1113 2717 terram
1134 2651 1260 2719 habent.

139 2750 277 2837 Reliqua
290 2751 469 2839 volgarium
490 2751 524 2816 in
546 2750 626 2816 cibis
649 2751 736 2838 apud
758 2774 812 2818 eos
826 2751 997 2818 herbarum
1010 2752 1141 2817 nomina
1163 2754 1261 2819 chou-

141 2851 255 2940 drylla,
277 2852 501 2940 hypochoeris,
523 2852 671 2932 caucalis,
694 2852 900 2932 authn'seum,
916 2852 1060 2933 scandix,
1075 2877 1165 2921 come
1179 2877 1261 2940 quae

174 3028 243 3090 588.
265 3025 385 3088 cinomia
405 3069 436 3077 ..
460 3025 531 3091 qaod,
542 3027 602 3077 BT.
625 3028 704 3092 ᾳῐιοοι,
717 3023 818 3092 vostr.
837 3070 868 3078 ..
888 3026 1043 3088 molmula,
1058 3034 1114 3079 129.
1133 3071 1164 3087 ,-
1182 3029 1261 3092 porti-

140 3092 295 3155 atauus.
319 3093 490 3159 porticalium,
503 3091 605 3160 Vdssr.
631 3090 776 3156 συμβαίνει
794 3090 887 3145 δὲκαὶ
905 3094 1055 3162 πορονθεῑν
1073 3093 1263 3160 αὐτοῦμέρος

141 3155 208 3209 ἄλλο
224 3157 269 3210 καὶ
287 3156 369 3223 ἄλλο,
388 3165 519 3227 Theophr.
536 3165 593 3214 hist.
609 3163 853 3228 plantaturus.
879 3165 948 3215 Hinc
956 3163 1049 3227 florent
1061 3163 1196 3227 particulas
1212 3165 1262 3214 sias

141 3230 298 3279 scribendum
315 3245 372 3279 esse
387 3231 493 3279 videtur.
513 3270 540 3278 -
566 3246 648 3292 quare,
661 3231 716 3281 Vd.
738 3233 838 3293 quali.
857 3268 889 3283 ..
910 3230 1042 3294 Aetoliam,
1055 3235 1086 3283 R.
1106 3272 1137 3282 ..
1161 3231 1261 3296 loupiac,

141 3295 254 3345 Ruso.
274 3296 332 3346 Om.
343 3291 374 3357 β.
397 3292 429 3344 od
445 3292 541 3362 πόρρω
552 3296 601 3345 τοῦ
612 3297 750 3358 ποταμοῦ,
768 3299 898 3362 Theophr.
911 3300 968 3349 hist.
980 3301 1060 3363 plant.
1072 3300 1118 3348 IV.
1132 3306 1156 3360 8,
1172 3306 1210 3350 la.
1230 3341 1261 3350 ..

142 3361 340 3425 oflumine,'l'd.
367 3361 538 3424 criminali.
565 3364 704 3428 etflamrha
717 3366 749 3415 V.
769 3405 800 3416 .-
822 3365 923 3429 spatii.
950 3365 1011 3430 ipae,
1026 3359 1135 3416 (ivre.
1155 3406 1185 3415 ..
1208 3382 1261 3416 aaa·

138 3436 261 3493 paratam,
273 3431 307 3479 V.
325 3439 493 3494 comparatum,
509 3424 588 3480 ORd.
605 3434 671 3482 Tam
684 3448 717 3483 ex
728 3434 779 3482 hoc
790 3434 904 3482 omnium
914 3434 1037 3483 librorum
1049 3448 1174 3483 consensu
1186 3448 1262 3498 quam

142 3512 175 3546 ex
192 3498 274 3548 verbis
286 3500 468 3562 Theophrasti,
481 3500 524 3561 qui
537 3500 584 3549 aits
607 3495 721 3562 ἕψουσιν
734 3497 764 3548 ἐν
775 3495 871 3566 βρότῳ
883 3498 923 3566 τῷ
932 3496 985 3548 ἀπὸ
998 3500 1051 3550 τῶν
1063 3499 1176 3565 κριθῶν,
1193 3503 1262 3551 hune

141 3566 226 3614 locum
243 3573 390 3631 corruptum
406 3582 461 3617 esse
476 3568 520 3616 vix
536 3567 650 3617 dubitare
666 3567 726 3618 licet
741 3574 766 3618 et
777 3565 1022 3631 legendum’widetur
1033 3567 1148 3618 mnndum
1159 3568 1184 3618 in
1196 3570 1262 3634 bryro

139 3641 266 3697 paratam
285 3635 346 3699 qnid
358 3635 390 3684 sit
400 3629 515 3699 βρότον,
534 3635 608 3684 docet
620 3635 744 3698 Stephani
755 3636 897 3687 thesaurus.
917 3676 948 3687 ..
966 3644 1048 3697 cetam,
1060 3639 1092 3688 R.

176 3703 191 3765 ξ
207 3706 249 3751 89.
274 3699 430 3764 Arachidna,
447 3703 537 3753 Dulce.
555 3718 589 3752 ex
605 3702 679 3753 Theo
697 3704 737 3753 br.
754 3703 814 3754 hist.
831 3703 911 3768 plant.
928 3700 949 3754 1.
967 3712 991 3766 6,
1010 3710 1048 3757 12.
1078 3702 1213 3766 Arueoide,
1230 3705 1262 3756 Τ.

142 3765 287 3827 ΑνοοῙιοίᾰο,
303 3771 366 3819 RV.
392 3767 525 3832 Ausonida,
542 3771 566 3820 d.
592 3770 672 3822 Arsai
687 3786 728 3832 na,
742 3765 771 3831 β.
797 3811 827 3821 ..
854 3771 967 3834 areolos,
982 3773 1045 3823 RV.
1068 3815 1099 3824 ,
1126 3771 1221 3834 labent,
1237 3775 1261 3823 d.

143 3833 251 3896 labeant,
260 3836 323 3887 RV.
337 3877 368 3886 ..
386 3835 531 3903 chondrylla,
542 3836 647 3889 Gesner.
660 3839 720 3889 hist.
732 3840 809 3888 anim.
824 3844 846 3901 1,
856 3845 913 3892 489.
926 3856 960 3890 ex
970 3840 1101 3905 Theophr.
1115 3841 1173 3890 hist.
1183 3842 1262 3904 plaut.

142 3901 288 3964 v11.e‚4.,
306 3905 349 3968 qui
362 3911 447 3954 tamen
458 3904 520 3969 vu.
534 3909 557 3966 7,
571 3911 592 3956 l.
616 3901 754 3972 ἀνδροάλα
772 3907 857 3967 habet,
875 3910 905 3958 ad
919 3923 984 3972 quos
995 3910 1068 3958 locos
1080 3923 1102 3958 v.
1116 3909 1262 3960 Schneider.

142 3984 167 4033 p.
183 3975 239 4019 592.
253 3975 310 4019 ola.
337 3969 478 4034 cendwala,
495 3972 601 4038 Rde.
629 3972 759 4038 coadrylh,
775 3969 804 4036 β
824 4015 855 4024 ..
882 3973 1040 4040 hypocloeris,
1057 3976 1161 4026 Barbar.
1189 3974 1262 4041 lypo-

143 4037 214 4098 aare,
227 4038 311 4086 RVd.
335 4036 503 4102 Ῑιίρροοήοονιζο,
520 4040 600 4090 altera
611 4042 716 4092 Barbari
730 4043 882 4092 coniectura.
902 4083 932 4092 ..
955 4041 1066 4103 coemite,
1078 4045 1182 4094 Barbar.
1205 4059 1262 4093 eoa·

143 4104 215 4162 caris,
227 4105 310 4154 RVd.
334 4113 357 4153 et
368 4103 481 4167 aaronita,
492 4102 542 4171 βγ.
562 4147 592 4156 ..
611 4108 763 4170 curtracum,
776 4110 822 4159 Rd
834 4109 919 4168 (codd.
932 4110 1059 4170 Barbari).
1082 4111 1216 4173 antrrhcum,
1227 4110 1262 4161 V.

143 4171 318 4234 cotehham,
334 4168 363 4234 β.
385 4173 419 4222 V.
432 4173 580 4225 Schneider.
597 4178 629 4226 ad
645 4178 776 4241 Theophr.
793 4179 851 4227 hist.
863 4179 943 4241 plaut.
960 4177 1021 4227 VII.
1037 4181 1095 4238 7,1.
1114 4194 1139 4242 p.
1153 4185 1210 4229 594.
1230 4220 1261 4228 ..

142 4237 251 4303 κοοᾶἒτ,
264 4242 281 4291 d
292 4237 379 4302 (codd
391 4238 464 4303 (iel.)
488 4239 610 4305 mnae,
622 4245 656 4294 V.
683 4242 810 4308 mndryx,
822 4246 853 4295 R.
873 4285 903 4294 -
930 4259 1000 4305 οοιιο,
1015 4245 1118 4343 Bgrbar.
1131 4260 1164 4296 ex
1175 4248 1262 4298 Theo·
