2896 4792
204 269 268 333 240
557 284 761 332 NATURALIS
784 284 979 333 HISTORIAE

248 436 292 501 II.
317 437 345 500 7.
369 432 479 519 Sparti
502 434 630 519 quidem
653 459 732 502 usus
754 437 855 502 multa
875 449 949 523 post
972 437 1098 502 saecula
1119 448 1252 524 coeptus
1268 450 1328 519 est,
1343 458 1374 503 as

204 560 263 603 nec
278 548 352 602 ante
367 535 546 601 Poenorum
567 560 655 602 arma
677 559 760 622 quae
781 537 921 623 primum
940 537 1122 623 Hispaniae
1140 539 1327 606 intulerunt.
1442 526 1446 538 ’

205 639 319 704 Herba
347 649 379 703 et
405 638 482 703 haee
513 651 626 724 sponte
649 662 783 705 nascens
805 649 838 704 et
858 661 942 724 quae
963 662 1028 704 non
1050 653 1148 724 queat
1170 641 1233 706 seri
1254 642 1328 706 iun·

204 763 326 826 cneque
347 739 477 826 proprie
497 740 578 804 aridi
603 741 676 819 soli,
704 741 760 806 uni
783 751 888 806 temus
910 741 986 806 dato
1008 741 1101 818 vitio;
1134 763 1273 824 namque
1294 743 1329 807 id

204 843 322 908 malum
352 840 473 906 telluris
502 851 550 906 est
581 864 640 907 nec
666 841 754 906 aliud
781 842 827 907 ibi
857 841 920 907 seri
947 853 1003 907 aut
1023 842 1113 908 nasci
1135 853 1252 928 potest.
1288 842 1330 908 In

206 946 320 1010 Africa
334 942 488 1028 exiguum
503 954 536 1007 et
549 942 662 1007 inutile
676 942 822 1030 gignitur
830 966 839 1018 3
856 941 1132 1028 Carthaginiensis
1147 943 1329 1028 Hispaniae

205 1044 365 1113 citerioris
392 1043 515 1129 portio,
542 1066 602 1107 nec
629 1043 709 1109 haec
737 1054 803 1109 tota
825 1044 883 1109 sed
904 1055 1062 1129 quatenus
1084 1045 1183 1130 parit,
1209 1047 1328 1121 montis

204 1169 332 1233 quoque
347 1155 456 1230 sparto
474 1145 589 1229 operit.
611 1143 698 1208 Hinc
722 1155 820 1209 strata
841 1145 972 1211 rusticis
994 1168 1114 1225 eorum,
1137 1147 1212 1211 hinc
1233 1148 1328 1234 ignes
1341 1164 1373 1210 27

204 1249 371 1331 facesque,
404 1244 479 1310 hino
515 1244 701 1310 calciamina
735 1256 768 1310 et
793 1257 958 1331 pastorum
983 1249 1083 1312 vestis
1090 1273 1099 1324 3
1137 1247 1328 1314 animalibus

203 1349 334 1415 noxium
355 1354 579 1433 praeterquam
602 1347 805 1411 cacuminum
821 1347 998 1414 teneritate.
1020 1349 1076 1414 Ad
1096 1349 1236 1433 reliquos
1249 1373 1328 1416 usus

202 1450 362 1516 laboriose
384 1448 545 1525 evellitur,
568 1448 706 1513 ocreatis
724 1449 887 1528 cruribus,
910 1473 1006 1515 manu
1021 1450 1180 1535 textisque
1194 1452 1328 1518 manicis

203 1550 409 1629 convolutum
422 1550 524 1615 osseis
538 1549 709 1636 iligneisve
724 1552 937 1629 conamentis,
959 1576 1045 1619 nuno
1064 1553 1128 1617 iam
1142 1553 1176 1617 in
1189 1554 1327 1620 hiemem

202 1655 303 1733 iuxta,
326 1651 473 1716 facillime
496 1660 601 1716 tamen
623 1651 664 1716 ab
687 1651 794 1741 idibus
815 1651 912 1718 Maiis
933 1652 966 1717 in
988 1652 1117 1730 Iunias;
1139 1653 1199 1720 hoc
1221 1667 1326 1721 matu-

202 1755 308 1820 ritatis
330 1765 467 1839 tempus.

246 1858 276 1921 8.
309 1854 447 1920 Volsum
468 1852 612 1918 fascibus
634 1852 668 1916 in
689 1875 805 1919 acervo
827 1855 1001 1920 animatum
1023 1857 1135 1937 biduo,
1164 1862 1256 1925 tertio
1275 1883 1326 1926 re·
1341 1873 1373 1918 2⁸

205 1959 343 2024 solutum
373 1955 535 2041 spargitur
562 1954 595 2017 in
624 1955 689 2019 sole
717 1955 919 2040 siccaturque
943 1968 975 2022 et
996 1981 1109 2024 rursus
1129 1960 1163 2023 in
1185 1959 1326 2027 fascibus

203 2059 285 2124 redit
308 2055 368 2121 sub
390 2067 488 2131 tecta;
511 2066 624 2140 postea
646 2066 827 2120 maceratur
848 2079 931 2140 aqua
952 2059 1076 2123 marina
1098 2072 1246 2146 optume,
1269 2061 1326 2126 sed

205 2171 241 2227 et
256 2159 361 2237 dulci,
390 2159 417 2223 si
438 2156 563 2221 marina
584 2155 686 2233 desit,
717 2156 933 2241 siccatumque
960 2161 1025 2224 sole
1051 2161 1169 2226 iterum
1192 2161 1325 2249 rigatur.

206 2261 243 2330 Si
265 2270 396 2347 repente
418 2266 554 2345 urgueat
575 2257 788 2336 desiderium,
818 2260 981 2346 perfusum
1009 2263 1112 2327 calida
1132 2263 1166 2327 in
1189 2264 1266 2330 solio
1288 2285 1327 2329 ac

206 2362 357 2430 siccatum
387 2371 474 2426 stans
502 2358 715 2445 conpendium
736 2382 854 2447 operae
876 2361 1003 2429 fatetur.
1027 2362 1101 2428 Hoc
1124 2374 1230 2431 autem
1252 2375 1326 2429 tun·
1340 2377 1372 2423 aa

238 2575 306 2637 526.
328 2571 413 2622 Herba
429 2578 463 2619 est
478 2571 543 2634 laec,
560 2573 648 2624 Dalec.
671 2573 710 2622 At
723 2571 866 2621 referuntur
880 2572 944 2621 haec
956 2573 987 2621 ad
999 2572 1153 2622 asbestinum
1164 2570 1272 2631 linum§
1287 2577 1327 2623 19.

206 2681 237 2690 -
254 2647 343 2702 spania
356 2656 379 2689 a.
403 2642 579 2703 etspontch.
603 2640 650 2689 nim
661 2647 750 2703 spania
764 2639 862 2703 Appnl.
877 2654 902 2704 p.
916 2645 973 2689 264.
993 2680 1024 2688 ..
1048 2638 1168 2699 torano,
1185 2640 1273 2689 Dalec.
1293 2681 1325 2690 -

206 2704 410 2772 carthaginensis,
423 2724 446 2757 a.

238 2778 309 2840 527.
333 2782 512 2838 praelegatum
535 2782 595 2839 post
611 2775 636 2825 h.
654 2790 677 2823 v.
696 2775 792 2824 excidit
807 2775 961 2838 praepositio
979 2774 1017 2837 in3
1040 2776 1150 2825 ablativo
1167 2776 1328 2826 instrumenti

204 2845 290 2894 nullus
305 2843 348 2892 hic
364 2843 444 2894 locus.
465 2882 493 2890 -
518 2841 634 2899 evellitur,
647 2858 670 2891 a.
697 2840 799 2902 vellitur,
815 2835 911 2891 Orod.
931 2882 962 2891 -
989 2843 1097 2903 ocreatis,
1110 2845 1133 2893 d.
1161 2842 1326 2904 lomaniae.

204 2927 281 2971 caea,
297 2926 321 2960 a.
340 2951 372 2959 ..
394 2926 467 2958 manu
484 2909 605 2973 tentisgus,
625 2903 741 2960 OTacd.
768 2907 919 2971 mauibruque
937 2906 1050 2970 tectmss.
1072 2912 1117 2962 Uti
1129 2913 1193 2961 haee
1203 2913 1328 2974 scriptura

204 2987 291 3043 aperte
308 2984 347 3028 est
361 2978 525 3040 interpolata,
542 2979 578 3027 ita
593 2979 716 3040 scriptura
731 2977 846 3026 codicum
863 2977 941 3038 vulgo
958 2992 1026 3026 nune
1038 2993 1147 3042 regnans
1159 2993 1234 3029 sensu
1246 2987 1326 3041 earet3

204 3061 258 3096 vox
269 3060 340 3093 manu
353 3045 467 3104 delenda,
485 3059 550 3108 quae
563 3052 619 3095 orta
629 3046 728 3094 videtur
739 3045 816 3107 culpa
825 3044 928 3105 librarii,
946 3046 990 3107 qui
1001 3061 1089 3095 vocem
1101 3045 1203 3094 munais
1214 3060 1268 3096 non
1279 3061 1326 3096 suo

204 3116 264 3164 loeo
281 3114 421 3176 scripserat.
448 3112 562 3162 Itanum
578 3114 616 3164 bis
633 3114 767 3176 legeretur,
784 3110 882 3161 factum
896 3112 955 3162 inde
971 3121 1009 3163 est
1025 3129 1104 3174 manu,
1121 3122 1150 3170 ut
1162 3122 1229 3164 certe
1240 3115 1328 3177 alique

204 3197 257 3231 vox
274 3181 381 3240 adesset,
398 3180 460 3230 licet
474 3195 549 3230 sensu
561 3195 655 3230 carens.
682 3179 819 3231 scribenda
834 3180 912 3242 igitur
929 3188 955 3229 et
969 3181 1171 3244 interpungenda
1187 3191 1246 3232 sunt
1262 3182 1327 3231 haec
1396 3203 1401 3208 ·

205 3250 281 3299 verba
297 3249 343 3298 ita:
367 3245 481 3296 ἰιιὸονίοεε
497 3245 615 3310 evellitur,
635 3246 737 3296 ocrwtis
752 3245 860 3295 cruribus
878 3246 991 3310 tertiaque
1007 3248 1107 3297 manicis
1125 3247 1271 3298 convolutum
1288 3265 1327 3297 os·

204 3316 252 3365 vers
264 3314 290 3365 il.
303 3314 451 3364 conamentis.
473 3315 559 3366 Labor
574 3317 601 3365 in
617 3315 749 3365 evellendo
761 3323 847 3379 sparto
860 3329 891 3364 eo
903 3317 1018 3377 cernitur,
1035 3319 1102 3378 quod
1115 3317 1230 3366 evellitur
1241 3332 1326 3368 oerea-

205 3386 237 3435 tis
254 3383 366 3434 cruribus
384 3392 410 3433 et
427 3385 592 3434 convolutum
609 3384 713 3433 manicis
731 3384 806 3434 textis
826 3385 983 3433 conamentis
1004 3385 1083 3434 osseis
1099 3385 1238 3448 iligneisve.
1264 3386 1326 3435 Duo

205 3451 309 3502 ablativi
325 3452 483 3501 instrumenti
498 3453 658 3502 illustrantur
673 3451 716 3512 iis,
738 3467 803 3516 quae
818 3450 893 3501 attuli
910 3453 942 3501 ad
958 3457 998 3511 35,
1017 3457 1073 3502 168.
1098 3492 1129 3500 -
1156 3451 1286 3517 iligneisve,
1302 3469 1326 3503 a.

206 3517 323 3584 iligneisve,
335 3533 357 3568 c.
381 3517 512 3582 iliguivgue,
528 3512 556 3568 θ.
578 3517 684 3583 ligurine,
696 3522 720 3568 d.
738 3516 855 3582 lignersve,
867 3513 896 3579 β.
916 3558 947 3567 -
968 3518 1003 3566 sic
1014 3518 1093 3580 etiam,
1105 3520 1172 3569 Pint.
1192 3560 1223 3569 ..
1241 3520 1266 3568 in
1278 3518 1326 3569 bie-

206 3602 272 3647 mem,
285 3586 376 3637 Tacd.
395 3585 442 3635 iam
454 3585 537 3647 bieme,
548 3588 580 3637 K.
602 3586 627 3635 in
639 3585 720 3647 itane,
732 3587 800 3636 Plnt.
819 3626 849 3634 ..
867 3585 943 3646 iusta,
956 3580 1074 3636 rauce.
1093 3586 1140 3647 via,
1152 3588 1220 3638 Pint.
1232 3583 1291 3649 Κβ.

240 3653 254 3715 ἓ
268 3659 308 3705 28.
323 3653 446 3717 fascibus,
459 3654 541 3705 omitt.
553 3669 566 3703 c
579 3651 693 3716 (Thoan.
707 3669 747 3718 ap.
760 3652 867 3703 Salmas.
880 3667 962 3702 exerc.
974 3668 999 3716 p.
1014 3660 1069 3705 188.
1081 3655 1105 3703 b.
1117 3653 1162 3717 B.)
1181 3695 1213 3704 ..
1231 3655 1326 3704 auima-

206 3731 261 3785 tum
274 3724 337 3772 aod.
363 3729 498 3784 ammarum,
510 3724 553 3772 r¹²
570 3719 657 3783 (codd.
671 3722 750 3771 Turn.
766 3721 822 3770 adv.
838 3727 877 3779 10,
889 3716 944 3781 20.)
966 3719 1104 3782 aduncum,
1115 3723 1149 3772 K.
1176 3721 1326 3784 cumulatum,

205 3790 315 3840 Tumeb.
344 3797 493 3851 mancatum,
516 3790 623 3842 Salmas.
652 3787 749 3840 Vanum
770 3795 793 3836 et
807 3788 967 3836 svaningium
975 3789 1089 3853 fascibus
1104 3788 1130 3838 in
1147 3806 1232 3840 aravo
1248 3788 1328 3852 biduo,

204 3859 294 3908 Dalec.
313 3898 344 3907 -
367 3856 450 3919 redet,
463 3873 504 3908 ac.
530 3855 579 3919 sed,
592 3859 616 3906 d.
636 3897 666 3906 ..
687 3858 856 3920 urgueat,D².
882 3864 974 3920 urgeat,
987 3859 1011 3907 (l.
1037 3864 1169 3921 ungunta.
1195 3865 1292 3924 arguat,
1305 3873 1327 3909 c.

205 3932 297 3989 urguet,
309 3927 356 3976 D¹.
376 3966 406 3975 ..
421 3925 579 3989 pervasurum,
591 3928 654 3976 aad.
674 3964 705 3973 ..
723 3922 790 3984 solio,
803 3924 896 3975 Sabell.
907 3923 980 3988 solio,
994 3927 1055 3975 aed.

239 3992 255 4054 ἓ
267 3999 308 4044 29.
322 3992 453 4057 praecipue
464 3992 541 4055 aguis,
551 4009 571 4042 r.
590 4032 621 4040 ..
640 3990 697 4053 Sed,
709 3992 746 4042 ita
756 4006 805 4042 nos
816 3993 968 4056 scripsimus.
992 3991 1034 4051 Et,
1046 3995 1109 4042 aad.
1127 3992 1170 4054 At,
1183 3996 1256 4043 codd.
1268 3992 1328 4044 Gel.

205 4054 256 4125 βγ.
275 4102 306 4111 -
330 4059 465 4121 demessum,
483 4063 555 4110 codd.
567 4061 681 4110 Barbari.
700 4100 731 4109 -
754 4059 819 4107 sitim
828 4074 939 4122 pensans,
956 4062 1027 4110 codd.
1036 4060 1097 4111 Gel.
1119 4061 1182 4110 sitim
1195 4077 1292 4125 pensas,
1305 4076 1327 4112 c.

206 4127 239 4176 sit
249 4127 363 4191 impensa,
376 4131 400 4178 d.
425 4127 458 4176 sit
474 4127 607 4190 inpensas,
623 4143 646 4177 a.
665 4167 696 4176 -
720 4125 897 4189 quidemacd.
924 4127 956 4188 in,
974 4129 1106 4192 Appulp.
1121 4135 1178 4180 264.
1198 4169 1229 4178 -
1253 4129 1328 4177 inter·

204 4193 275 4258 polis,
287 4199 343 4246 aod
354 4193 478 4260 (Appnl.)
499 4193 638 4258 interpelles,
649 4191 678 4256 β.
697 4235 728 4244 -
751 4211 886 4258 rursusque,
898 4209 934 4245 ac
945 4193 1070 4260 (Appul.)
1091 4212 1238 4260 rursumque,
1251 4199 1274 4247 d.
1293 4237 1326 4247 ..

206 4261 360 4325 quamlibeat,
372 4278 414 4313 ac.
434 4261 570 4326 quamlibet,
583 4264 599 4312 d
611 4260 734 4326 (Appul.)
751 4264 810 4314 Vid.
823 4268 864 4325 36,
879 4268 934 4314 leo.
