2896 4792
186 325 204 385 2
539 338 743 386 narratus
766 338 960 386 arsroman

184 502 307 574 partem
323 490 432 553 maris.
454 488 523 555 Illic
537 489 654 554 misera
675 512 755 574 gens
771 491 909 555 tumulos
928 490 1051 576 optinet
1069 490 1148 554 altos
1170 506 1225 555 aut
1248 493 1333 557 tri-a

183 590 314 655 bunalia
335 603 499 655 exstructa
521 590 668 655 manibus
696 590 738 654 ad
765 590 983 677 experimenta
1011 591 1157 656 altissimi
1185 602 1304 670 aestus,

184 690 265 754 casis
287 690 333 754 ita
354 691 513 776 inpositis,
544 690 771 778 navigantibus
795 691 912 756 similes
942 714 1015 756 cum
1035 692 1181 780 integant
1202 714 1304 776 aquae

184 790 389 869 circumdata,
412 790 575 878 naufragis
598 814 673 856 vero
690 814 761 856 cum
777 791 977 870 recesserint,
1000 792 1216 877 fugientisque
1232 815 1305 857 cum

183 892 263 955 mari
291 891 390 977 piscis
418 892 502 957 circa
532 892 660 978 tuguria
687 901 852 957 venantur.
889 890 963 957 Non
990 892 1148 976 pecudem
1174 892 1224 958 his
1245 894 1304 958 ha-

183 990 270 1070 bere,
301 1015 365 1056 non
387 994 468 1057 lacte
491 992 533 1056 ali
555 1003 591 1055 ut
612 992 766 1069 finitimis,
796 1015 837 1056 ne
865 1015 937 1056 curn
960 992 1037 1056 feris
1059 993 1188 1076 quidem
1210 993 1304 1058 dimi-

183 1114 255 1156 care
277 1091 444 1178 contingit,
468 1091 555 1165 omni
577 1092 689 1178 procul
710 1092 824 1157 abacto
846 1093 970 1158 frutice.
1006 1093 1094 1159 Ulva
1115 1105 1147 1158 et
1168 1095 1333 1179 palustris

181 1193 276 1258 iunco
297 1192 383 1257 funis
405 1203 538 1258 nectunt
559 1193 600 1256 ad
622 1192 839 1278 praetexenda
860 1193 1003 1279 piscibus
1018 1193 1098 1259 retia
1112 1206 1304 1280 captumque

183 1293 330 1358 manibus
351 1294 454 1358 lutum
475 1294 579 1358 ventis
601 1294 703 1380 magis
726 1316 824 1378 quam
846 1294 911 1359 sole
934 1294 1091 1360 siccantes
1114 1304 1198 1360 terra
1217 1296 1304 1362 cibos

183 1406 214 1461 et
236 1394 375 1482 rigentia
403 1394 619 1480 septentrione
647 1393 771 1459 viscera
801 1419 859 1460 sua
885 1407 982 1460 urunt
989 1419 998 1472 3
1027 1407 1123 1481 potus
1148 1418 1213 1460 non
1242 1396 1303 1460 nisi
1331 1414 1336 1420 ’
1413 1467 1417 1474 ,

181 1520 222 1561 ex
242 1496 344 1560 imbre
368 1508 495 1561 servato
518 1495 684 1561 scrobibus
705 1496 739 1560 in
763 1496 920 1562 vestibulo
943 1494 1066 1562 domus.
1088 1495 1135 1560 Et
1148 1496 1208 1560 hae
1222 1519 1302 1582 gen-

181 1609 240 1677 tes,
265 1599 292 1663 si
315 1597 484 1663 vincantur
505 1596 599 1662 hodie
622 1621 641 1661 a
662 1597 781 1682 populo
796 1596 953 1675 Romano,
977 1599 1097 1663 servire
1120 1620 1153 1662 se
1176 1597 1302 1662 dicuntl

181 1698 232 1762 Ita
253 1712 303 1763 est
324 1699 484 1784 profecto:
497 1698 616 1762 ¹multis
638 1698 766 1762 fortuna
788 1684 915 1783 parcior
936 1699 970 1762 in
992 1720 1136 1782 poenam.

225 1801 254 1862 2.
284 1799 386 1864 Aliud
408 1822 426 1864 e
449 1798 537 1865 silvis
559 1798 763 1863 miraculum:
793 1810 891 1862 totam
919 1798 1074 1882 reliquam
1098 1797 1332 1864 Germaniams

181 1900 305 1985 replent
326 1901 512 1983 adduntque
526 1899 638 1985 frigori
658 1898 798 1977 umbras,
822 1900 992 1965 altissimae
1007 1911 1112 1964 tamen
1126 1899 1213 1964 haud
1228 1922 1302 1984 pro-

183 2000 234 2065 cul
256 2023 354 2086 supra
375 2001 470 2067 dictis
493 1998 632 2065 Chaucis
654 1998 738 2065 circa
760 1999 841 2066 duos
863 2000 1037 2087 praecipue
1060 2001 1159 2065 lacus.
1188 2000 1303 2064 Litora

181 2102 252 2189 ipsa
273 2103 419 2189 optinent
432 2124 568 2186 quercus
584 2122 734 2164 maxuma
755 2100 907 2166 aviditate
929 2099 1093 2178 nascendi,
1120 2098 1302 2166 subfossae-

182 2225 243 2287 que
265 2204 416 2270 fluctibus
438 2212 493 2267 aut
514 2200 685 2288 propulsae
706 2201 836 2267 flatibus
858 2213 966 2267 vastas
986 2201 1144 2287 conplexu
1158 2201 1302 2267 radicum

183 2303 278 2368 silvas
301 2327 409 2370 secum
432 2304 579 2368 auferunt
603 2314 699 2387 atque
721 2303 766 2367 ita
788 2303 921 2368 libratae
938 2314 1058 2368 stantes
1078 2303 1231 2390 navigant
1251 2304 1302 2367 in-

182 2404 325 2492 gentium
340 2427 500 2470 ramorum
516 2404 732 2482 armamentis,
756 2426 851 2490 saepe
872 2402 989 2468 territis
1004 2403 1162 2469 classibus
1176 2404 1302 2481 nostris,

183 2529 255 2571 oum
279 2506 365 2571 velut
391 2504 549 2571 industria
575 2503 725 2571 fluctibus
751 2518 923 2592 agerentur
949 2504 981 2568 in
1011 2526 1123 2592 proras
1151 2502 1303 2570 stantium

183 2620 281 2672 noctu
303 2607 478 2693 inopesque
500 2607 622 2673 remedi
643 2606 689 2672 illi
705 2607 861 2692 proelium
875 2607 987 2673 navale
1002 2609 1157 2673 adversus
1172 2606 1302 2672 arbores

182 2706 309 2773 inirent.

224 2808 270 2872 Il.
298 2810 337 2873 In
359 2811 472 2875 eadem
495 2808 735 2893 septentrionali
758 2810 855 2894 plaga
876 2809 1059 2891 Hercyniae
1087 2808 1186 2873 silvae
1207 2807 1331 2872 roho-6

182 2933 253 2974 rum
276 2911 407 2976 vastitas
428 2910 547 2973 intacta
569 2907 658 2972 aevis
680 2920 712 2972 et
734 2907 905 2993 congenita
926 2907 1045 2971 mundo
1065 2929 1166 2993 prope
1180 2906 1301 2970 inmor-

184 3008 239 3072 tali
261 3019 344 3075 sorte
365 3008 518 3074 miracula
541 3007 677 3074 excedit.
705 3006 755 3074 Ut
776 3009 838 3073 alia
859 3007 1045 3074 omittantur
1065 3008 1128 3073 fide
1151 3008 1301 3086 caritura,

183 3121 307 3176 constat
330 3109 431 3175 attolli
453 3109 541 3176 collis
556 3109 790 3175 occursantium
806 3110 889 3174 inter
904 3133 939 3174 se
953 3109 1099 3174 radicum
1113 3132 1302 3195 repercussu

182 3222 247 3289 aut,
270 3212 325 3277 ubi
347 3221 457 3276 secuta
481 3211 573 3276 tellus
595 3211 725 3287 nonsit,
748 3233 842 3276 arcus
857 3212 899 3275 ad
913 3233 1020 3275 ramos
1035 3232 1137 3294 usque
1160 3221 1192 3275 et
1212 3211 1302 3298 ipsos

374 3364 392 3394 Gr

212 3423 315 3477 partem,
327 3419 400 3468 Tad.
416 3436 485 3482 pars,
497 3436 517 3469 r.
531 3419 648 3482 partein,
660 3414 689 3479 β
706 3426 799 3482 portus,
810 3433 829 3482 γ
841 3433 982 3484 operarum,
995 3428 1023 3468 ut
1034 3419 1141 3478 videtur,
1152 3419 1222 3468 vitio.

217 3484 267 3544 §3-
286 3484 378 3546 obtinet,
389 3488 436 3535 D'2.
455 3486 566 3550 optinent,
579 3503 601 3536 a.
619 3487 729 3546 obtinent,
741 3487 809 3536 D¹d.
828 3528 858 3536 -
878 3488 989 3544 utPinr.
1009 3527 1039 3535 -
1059 3494 1186 3545 exstructa,
1199 3502 1222 3534 a.
1239 3492 1302 3532 stru-

182 3557 228 3610 ctu,
239 3551 254 3597 d
260 3545 282 3610 β
286 3565 310 3614 7.
321 3594 350 3600 -
365 3552 407 3614 ito,
417 3569 468 3603 om.
478 3569 497 3603 r.
509 3596 538 3602 -
552 3552 707 3614 circundata,
716 3557 753 3604 ad
762 3552 848 3617 (codd.
858 3552 963 3616 Galen.)
973 3551 1150 3613 circumdantes,
1159 3554 1192 3602 Κ.
1205 3551 1301 3600 areom-

182 3615 364 3736 fflfflec.
386 3621 472 3684 Ipsam
485 3637 573 3670 vocem
586 3623 715 3671 om.Pint.
740 3663 770 3670 -
793 3621 972 3686 naufragium.
992 3662 1023 3669 ..
1046 3616 1217 3680 lis,a(codd.
1231 3617 1302 3681 (iel.)

225 3722 231 3746 ,
291 3722 296 3734 .

216 3755 267 3816 §t
294 3753 504 3817 septennario.
523 3798 553 3806 ..
579 3755 657 3816 loton,
670 3756 808 3806 Sabell...
827 3754 934 3806 cibosed
943 3755 1089 3819 rigentiud.
1106 3751 1212 3804 ctboscd
1220 3753 1302 3816 ripun

183 3819 225 3879 tia,
237 3835 261 3870 s.
278 3821 374 3884 ciboque
385 3821 428 3871 sed
438 3823 542 3888 ripentio
552 3826 593 3874 vel
605 3823 652 3872 sibi
661 3841 687 3872 cs
696 3832 718 3871 et
726 3823 836 3885 rigantia
849 3826 922 3874 codd.
931 3824 1044 3873 Barbari.
1058 3864 1088 3872 -
1102 3823 1224 3879 sudarunt,
1233 3822 1301 3871 Pint.

184 3927 215 3936 -
231 3896 309 3951 potus,
322 3890 393 3940 Tdr.
408 3890 495 3954 potius,
508 3908 530 3941 a.
545 3900 616 3955 potus
628 3891 666 3952 iis,
679 3893 753 3940 codd.
773 3891 863 3942 Gelon.
874 3887 903 3952 β.
922 3890 1017 3940 ,noe
1024 3898 1112 3954 pentes,
1125 3893 1140 3940 d
1153 3887 1238 3950 (codd.
1252 3889 1302 3941 Ge-

182 3953 247 4016 len.)
269 3965 370 4017 occeme,
382 3974 405 4007 a.
429 3957 473 4006 ttae
487 3967 571 4021 terroe,
583 3977 602 4009 r.
622 4000 653 4009 -
673 3958 780 4023 parcior,
792 3975 815 4008 a.
834 3959 937 4023 partior,
950 3976 970 4009 r.
988 3958 1077 4021 parcit,
1090 3953 1163 4021 dssr.
1182 3957 1302 4021 pacanbr,

182 4021 270 4073 Deles.
290 4065 320 4075 ..
336 4040 445 4087 poenum,
459 4029 483 4075 d.
498 4042 585 4090 poeno,
597 4042 636 4076 ar.

216 4091 231 4152 ξ
245 4095 266 4140 5.
293 4089 397 4154 replent,
409 4097 424 4143 d
438 4092 524 4156 (codd.
536 4093 663 4156 Barbari).
685 4093 816 4158 reperiunt,
832 4087 860 4143 θ.
883 4092 998 4154 reserant,
1011 4109 1052 4143 ar.
1077 4091 1202 4156 replerant,
1213 4092 1300 4143 Dalec.

182 4156 323 4219 vulgatam
340 4161 490 4224 scripturam
506 4163 564 4214 ferri
581 4178 632 4212 non
650 4178 724 4226 posse
742 4165 832 4212 docent
848 4171 873 4212 et
890 4171 987 4211 ceterae
1002 4163 1119 4212 codicum
1130 4161 1260 4218 lectiones,
1277 4164 1302 4205 et

183 4227 252 4287 quod
268 4225 317 4275 hae
334 4227 412 4278 silvae
428 4246 481 4279 non
498 4240 601 4297 propter
612 4232 735 4280 ambitum
747 4246 829 4291 snum,
842 4233 886 4280 sed
897 4238 1001 4295 propter
1012 4229 1170 4281 altitudinem
1183 4227 1301 4276 arborum

126 4362 129 4367 Α
183 4289 219 4352 (v.
232 4294 317 4344 statim
329 4293 407 4359 infra)
420 4299 591 4364 celebrantur,
606 4300 666 4351 hinc
678 4300 837 4351 scribendum
853 4307 914 4364 puto
925 4297 1031 4362 cesenat
1041 4299 1057 4347 i.
1070 4312 1092 4346 e.
1105 4293 1301 4345 multitudinem
