<?xml version="1.0" encoding="UTF-8"?>
<!DOCTYPE html PUBLIC "-//W3C//DTD XHTML 1.0 Transitional//EN"
    "http://www.w3.org/TR/xhtml1/DTD/xhtml1-transitional.dtd">
<html xmlns="http://www.w3.org/1999/xhtml" xml:lang="en" lang="en">
 <head>
  <title>
</title>
<meta http-equiv="Content-Type" content="text/html;charset=utf-8" />
  <meta name='ocr-system' content='tesseract 3.04.00' />
  <meta name='ocr-capabilities' content='ocr_page ocr_carea ocr_par ocr_line ocrx_word'/>
</head>
<body>
  <div class='ocr_page' id='page_1' title='image "./cplinisecundina11plingoog_0012.png"; bbox 0 0 2896 4792; ppageno 0'>
   <div class='ocr_carea' id='block_1_1' title="bbox 408 256 1260 339">
    <p class='ocr_par' dir='ltr' id='par_1_1' title="bbox 408 256 1260 339">
     <span class='ocr_line' id='line_1_1' title="bbox 408 256 1260 339; baseline 0 -23"><span class='ocrx_word' id='word_1_1' title='bbox 408 271 568 318; x_wconf 81' lang='lat' dir='ltr'><strong>nra.xv1.</strong></span> <span class='ocrx_word' id='word_1_2' title='bbox 598 269 676 316; x_wconf 78' lang='lat' dir='ltr'><strong>oar.</strong></span> <span class='ocrx_word' id='word_1_3' title='bbox 692 271 796 316; x_wconf 56' lang='grc' dir='ltr'><strong>μιν.</strong></span> <span class='ocrx_word' id='word_1_4' title='bbox 820 269 918 318; x_wconf 82' lang='lat' dir='ltr'><strong>sacr.</strong></span> <span class='ocrx_word' id='word_1_5' title='bbox 936 272 990 315; x_wconf 77' lang='lat' dir='ltr'><strong>1.t</strong></span> <span class='ocrx_word' id='word_1_6' title='bbox 1239 256 1260 339; x_wconf 71' lang='lat'><strong>3</strong></span> 
     </span>
    </p>
   </div>
   <div class='ocr_carea' id='block_1_2' title="bbox 100 419 1372 3139">
    <p class='ocr_par' dir='ltr' id='par_1_2' title="bbox 139 419 1260 708">
     <span class='ocr_line' id='line_1_2' title="bbox 139 419 1259 508; baseline 0.003 -24"><span class='ocrx_word' id='word_1_7' title='bbox 139 419 223 486; x_wconf 89' lang='lat' dir='ltr'><strong>inter</strong></span> <span class='ocrx_word' id='word_1_8' title='bbox 245 441 279 485; x_wconf 91' lang='lat' dir='ltr'><strong>se</strong></span> <span class='ocrx_word' id='word_1_9' title='bbox 301 419 437 485; x_wconf 85' lang='lat' dir='ltr'><strong>rixantis</strong></span> <span class='ocrx_word' id='word_1_10' title='bbox 459 421 584 486; x_wconf 85' lang='lat' dir='ltr'><strong>curvari</strong></span> <span class='ocrx_word' id='word_1_11' title='bbox 606 431 770 508; x_wconf 87' lang='lat' dir='ltr'><strong>portarum</strong></span> <span class='ocrx_word' id='word_1_12' title='bbox 793 421 970 505; x_wconf 86' lang='lat' dir='ltr'><strong>patentium</strong></span> <span class='ocrx_word' id='word_1_13' title='bbox 992 421 1098 499; x_wconf 90' lang='lat' dir='ltr'><strong>modo,</strong></span> <span class='ocrx_word' id='word_1_14' title='bbox 1126 433 1161 485; x_wconf 91' lang='lat' dir='ltr'><strong>ut</strong></span> <span class='ocrx_word' id='word_1_15' title='bbox 1191 432 1259 487; x_wconf 86' lang='lat' dir='ltr'><strong>tur·</strong></span> 
     </span>
     <span class='ocr_line' id='line_1_3' title="bbox 140 520 1260 609; baseline 0.004 -25"><span class='ocrx_word' id='word_1_16' title='bbox 140 543 209 585; x_wconf 90' lang='lat' dir='ltr'><strong>mas</strong></span> <span class='ocrx_word' id='word_1_17' title='bbox 236 521 378 604; x_wconf 90' lang='lat' dir='ltr'><strong>equitum</strong></span> <span class='ocrx_word' id='word_1_18' title='bbox 405 520 637 599; x_wconf 77' lang='lat' dir='ltr'><strong>transmittant,</strong></span> <span class='ocrx_word' id='word_1_19' title='bbox 665 520 730 585; x_wconf 93' lang='grc' dir='ltr'><strong>ΠΙ.</strong></span> <span class='ocrx_word' id='word_1_20' title='bbox 759 520 928 607; x_wconf 79' lang='lat' dir='ltr'>glandiferi</span> <span class='ocrx_word' id='word_1_21' title='bbox 957 542 1106 587; x_wconf 82' lang='lat' dir='ltr'><strong>maxume</strong></span> <span class='ocrx_word' id='word_1_22' title='bbox 1132 523 1260 609; x_wconf 82' lang='lat' dir='ltr'><strong>generis</strong></span> 
     </span>
     <span class='ocr_line' id='line_1_4' title="bbox 139 608 1010 708; baseline 0.001 -22"><span class='ocrx_word' id='word_1_23' title='bbox 139 613 250 686; x_wconf 89' lang='lat' dir='ltr'><strong>omnes</strong></span> <span class='ocrx_word' id='word_1_24' title='bbox 271 621 388 705; x_wconf 91' lang='lat' dir='ltr'><strong>quibus</strong></span> <span class='ocrx_word' id='word_1_25' title='bbox 409 621 509 687; x_wconf 90' lang='lat' dir='ltr'><strong>bonos</strong></span> <span class='ocrx_word' id='word_1_26' title='bbox 531 621 617 708; x_wconf 89' lang='lat' dir='ltr'><strong>apud</strong></span> <span class='ocrx_word' id='word_1_27' title='bbox 639 620 802 686; x_wconf 88' lang='lat' dir='ltr'><strong>Romanos</strong></span> <span class='ocrx_word' id='word_1_28' title='bbox 823 608 1010 708; x_wconf 85' lang='lat' dir='ltr'><strong>perpetuus.</strong></span> 
     </span>
    </p>

    <p class='ocr_par' dir='ltr' id='par_1_3' title="bbox 100 720 1372 2225">
     <span class='ocr_line' id='line_1_5' title="bbox 181 720 1287 811; baseline -0.002 -24"><span class='ocrx_word' id='word_1_29' title='bbox 181 720 240 787; x_wconf 87' lang='lat' dir='ltr'><strong>IV.</strong></span> <span class='ocrx_word' id='word_1_30' title='bbox 262 722 293 785; x_wconf 85' lang='lat'><strong>3.</strong></span> <span class='ocrx_word' id='word_1_31' title='bbox 320 722 407 789; x_wconf 92' lang='lat' dir='ltr'><strong>Hinc</strong></span> <span class='ocrx_word' id='word_1_32' title='bbox 429 722 549 789; x_wconf 85' lang='lat' dir='ltr'><strong>civicae</strong></span> <span class='ocrx_word' id='word_1_33' title='bbox 572 744 717 800; x_wconf 90' lang='lat' dir='ltr'><strong>coronae,</strong></span> <span class='ocrx_word' id='word_1_34' title='bbox 739 722 874 787; x_wconf 91' lang='lat' dir='ltr'><strong>militum</strong></span> <span class='ocrx_word' id='word_1_35' title='bbox 896 722 1023 788; x_wconf 82' lang='lat' dir='ltr'><strong>virtutis</strong></span> <span class='ocrx_word' id='word_1_36' title='bbox 1045 723 1171 811; x_wconf 87' lang='lat' dir='ltr'><strong>insigne</strong></span> <span class='ocrx_word' id='word_1_37' title='bbox 1193 725 1287 790; x_wconf 82' lang='lat' dir='ltr'><strong>ola-t</strong></span> 
     </span>
     <span class='ocr_line' id='line_1_6' title="bbox 139 821 1259 911; baseline 0.004 -25"><span class='ocrx_word' id='word_1_38' title='bbox 139 823 311 902; x_wconf 91' lang='lat' dir='ltr'><strong>rissimum‚</strong></span> <span class='ocrx_word' id='word_1_39' title='bbox 333 823 397 888; x_wconf 91' lang='lat' dir='ltr'><strong>iam</strong></span> <span class='ocrx_word' id='word_1_40' title='bbox 418 823 543 910; x_wconf 82' lang='lat' dir='ltr'>pridem</span> <span class='ocrx_word' id='word_1_41' title='bbox 566 845 642 889; x_wconf 86' lang='lat' dir='ltr'><strong>vero</strong></span> <span class='ocrx_word' id='word_1_42' title='bbox 663 832 697 887; x_wconf 87' lang='lat' dir='ltr'><strong>et</strong></span> <span class='ocrx_word' id='word_1_43' title='bbox 716 822 905 889; x_wconf 88' lang='lat' dir='ltr'><strong>clementiae</strong></span> <span class='ocrx_word' id='word_1_44' title='bbox 918 821 1148 908; x_wconf 88' lang='lat' dir='ltr'><strong>inperatorum,</strong></span> <span class='ocrx_word' id='word_1_45' title='bbox 1171 830 1259 911; x_wconf 85' lang='lat' dir='ltr'><strong>post·</strong></span> 
     </span>
     <span class='ocr_line' id='line_1_7' title="bbox 100 922 1259 1009; baseline 0.003 -21"><span class='ocrx_word' id='word_1_46' title='bbox 100 982 104 1004; x_wconf 26' lang='grc' dir='ltr'>ἑ</span> <span class='ocrx_word' id='word_1_47' title='bbox 140 944 236 1007; x_wconf 91' lang='lat' dir='ltr'><strong>quam</strong></span> <span class='ocrx_word' id='word_1_48' title='bbox 258 923 398 989; x_wconf 84' lang='lat' dir='ltr'><strong>civilium</strong></span> <span class='ocrx_word' id='word_1_49' title='bbox 418 924 575 990; x_wconf 90' lang='lat' dir='ltr'><strong>bellorum</strong></span> <span class='ocrx_word' id='word_1_50' title='bbox 596 924 730 1009; x_wconf 84' lang='lat' dir='ltr'><strong>profano</strong></span> <span class='ocrx_word' id='word_1_51' title='bbox 752 922 902 989; x_wconf 90' lang='lat' dir='ltr'><strong>meritum</strong></span> <span class='ocrx_word' id='word_1_52' title='bbox 920 924 1027 1009; x_wconf 87' lang='lat' dir='ltr'><strong>coepit</strong></span> <span class='ocrx_word' id='word_1_53' title='bbox 1040 923 1142 989; x_wconf 89' lang='lat' dir='ltr'><strong>videri</strong></span> <span class='ocrx_word' id='word_1_54' title='bbox 1157 925 1259 992; x_wconf 87' lang='lat' dir='ltr'><strong>civem</strong></span> 
     </span>
     <span class='ocr_line' id='line_1_8' title="bbox 138 1022 1259 1110; baseline 0.004 -21"><span class='ocrx_word' id='word_1_55' title='bbox 138 1047 202 1090; x_wconf 91' lang='lat' dir='ltr'><strong>non</strong></span> <span class='ocrx_word' id='word_1_56' title='bbox 235 1024 391 1090; x_wconf 88' lang='lat' dir='ltr'><strong>occidere.</strong></span> <span class='ocrx_word' id='word_1_57' title='bbox 443 1022 574 1090; x_wconf 86' lang='lat' dir='ltr'><strong>Cedunt</strong></span> <span class='ocrx_word' id='word_1_58' title='bbox 601 1023 652 1090; x_wconf 94' lang='lat' dir='ltr'><strong>his</strong></span> <span class='ocrx_word' id='word_1_59' title='bbox 685 1025 824 1090; x_wconf 88' lang='lat' dir='ltr'><strong>murales</strong></span> <span class='ocrx_word' id='word_1_60' title='bbox 856 1024 1056 1110; x_wconf 85' lang='lat' dir='ltr'><strong>vallaresque</strong></span> <span class='ocrx_word' id='word_1_61' title='bbox 1085 1036 1116 1090; x_wconf 92' lang='lat' dir='ltr'><strong>et</strong></span> <span class='ocrx_word' id='word_1_62' title='bbox 1142 1048 1259 1093; x_wconf 88' lang='lat' dir='ltr'><strong>aureae</strong></span> 
     </span>
     <span class='ocr_line' id='line_1_9' title="bbox 139 1124 1258 1212; baseline 0.001 -21"><span class='ocrx_word' id='word_1_63' title='bbox 139 1147 332 1211; x_wconf 89' lang='lat' dir='ltr'><strong>quamquam</strong></span> <span class='ocrx_word' id='word_1_64' title='bbox 352 1124 455 1211; x_wconf 88' lang='lat' dir='ltr'><strong>pretio</strong></span> <span class='ocrx_word' id='word_1_65' title='bbox 477 1125 713 1205; x_wconf 77' lang='lat' dir='ltr'><strong>antecedentes,</strong></span> <span class='ocrx_word' id='word_1_66' title='bbox 742 1125 861 1190; x_wconf 88' lang='lat' dir='ltr'><strong>cedunt</strong></span> <span class='ocrx_word' id='word_1_67' title='bbox 882 1136 914 1190; x_wconf 90' lang='lat' dir='ltr'><strong>et</strong></span> <span class='ocrx_word' id='word_1_68' title='bbox 935 1136 1090 1191; x_wconf 74' lang='lat' dir='ltr'><strong>rostratae</strong></span> <span class='ocrx_word' id='word_1_69' title='bbox 1111 1127 1258 1212; x_wconf 83' lang='lat' dir='ltr'><strong>quamvis</strong></span> 
     </span>
     <span class='ocr_line' id='line_1_10' title="bbox 137 1225 1257 1315; baseline 0.003 -23"><span class='ocrx_word' id='word_1_70' title='bbox 137 1228 172 1292; x_wconf 91' lang='lat' dir='ltr'><strong>in</strong></span> <span class='ocrx_word' id='word_1_71' title='bbox 193 1226 320 1292; x_wconf 92' lang='lat' dir='ltr'><strong>duobus</strong></span> <span class='ocrx_word' id='word_1_72' title='bbox 341 1248 490 1291; x_wconf 85' lang='lat' dir='ltr'><strong>maxume</strong></span> <span class='ocrx_word' id='word_1_73' title='bbox 504 1226 545 1290; x_wconf 89' lang='lat' dir='ltr'><strong>ad</strong></span> <span class='ocrx_word' id='word_1_74' title='bbox 559 1225 620 1292; x_wconf 92' lang='lat' dir='ltr'><strong>hoc</strong></span> <span class='ocrx_word' id='word_1_75' title='bbox 633 1226 707 1291; x_wconf 89' lang='lat' dir='ltr'><strong>aevi</strong></span> <span class='ocrx_word' id='word_1_76' title='bbox 721 1227 876 1305; x_wconf 78' lang='lat' dir='ltr'><strong>celebres,</strong></span> <span class='ocrx_word' id='word_1_77' title='bbox 898 1225 944 1291; x_wconf 90' lang='grc' dir='ltr'><strong>Μ.</strong></span> <span class='ocrx_word' id='word_1_78' title='bbox 961 1226 1109 1294; x_wconf 87' lang='lat' dir='ltr'><strong>Varrone</strong></span> <span class='ocrx_word' id='word_1_79' title='bbox 1131 1251 1148 1293; x_wconf 92' lang='lat' dir='ltr'><strong>e</strong></span> <span class='ocrx_word' id='word_1_80' title='bbox 1170 1229 1257 1315; x_wconf 86' lang='lat' dir='ltr'><strong>pira·</strong></span> 
     </span>
     <span class='ocr_line' id='line_1_11' title="bbox 140 1314 1359 1416; baseline 0.001 -22"><span class='ocrx_word' id='word_1_81' title='bbox 140 1329 211 1394; x_wconf 87' lang='lat' dir='ltr'><strong>ticis</strong></span> <span class='ocrx_word' id='word_1_82' title='bbox 238 1326 346 1405; x_wconf 88' lang='lat' dir='ltr'><strong>bellis,</strong></span> <span class='ocrx_word' id='word_1_83' title='bbox 380 1327 476 1392; x_wconf 87' lang='lat' dir='ltr'><strong>dante</strong></span> <span class='ocrx_word' id='word_1_84' title='bbox 501 1325 625 1414; x_wconf 84' lang='lat' dir='ltr'><strong>Magno</strong></span> <span class='ocrx_word' id='word_1_85' title='bbox 652 1325 823 1412; x_wconf 88' lang='lat' dir='ltr'><strong>Pompeio,</strong></span> <span class='ocrx_word' id='word_1_86' title='bbox 853 1327 992 1412; x_wconf 87' lang='lat' dir='ltr'><strong>itemque</strong></span> <span class='ocrx_word' id='word_1_87' title='bbox 1018 1327 1067 1393; x_wconf 90' lang='lat' dir='ltr'><strong>M.</strong></span> <span class='ocrx_word' id='word_1_88' title='bbox 1096 1329 1257 1416; x_wconf 78' lang='lat' dir='ltr'><strong>Agrippa,</strong></span> <span class='ocrx_word' id='word_1_89' title='bbox 1355 1314 1359 1319; x_wconf 31' lang='lat'>¹</span> 
     </span>
     <span class='ocr_line' id='line_1_12' title="bbox 139 1425 1286 1513; baseline -0.002 -19"><span class='ocrx_word' id='word_1_90' title='bbox 139 1429 299 1494; x_wconf 74' lang='lat' dir='ltr'><strong>tribuente</strong></span> <span class='ocrx_word' id='word_1_91' title='bbox 314 1426 452 1493; x_wconf 80' lang='lat' dir='ltr'><strong>Caesam</strong></span> <span class='ocrx_word' id='word_1_92' title='bbox 473 1450 492 1494; x_wconf 88' lang='lat' dir='ltr'><strong>e</strong></span> <span class='ocrx_word' id='word_1_93' title='bbox 508 1425 627 1494; x_wconf 80' lang='lat' dir='ltr'><strong>Siculis</strong></span> <span class='ocrx_word' id='word_1_94' title='bbox 647 1450 730 1513; x_wconf 93' lang='lat' dir='ltr'><strong>quae</strong></span> <span class='ocrx_word' id='word_1_95' title='bbox 746 1428 864 1513; x_wconf 82' lang='lat' dir='ltr'><strong>etipsa</strong></span> <span class='ocrx_word' id='word_1_96' title='bbox 878 1428 1014 1513; x_wconf 88' lang='lat' dir='ltr'><strong>piratica</strong></span> <span class='ocrx_word' id='word_1_97' title='bbox 1028 1430 1128 1495; x_wconf 83' lang='lat' dir='ltr'><strong>fuere.</strong></span> <span class='ocrx_word' id='word_1_98' title='bbox 1150 1431 1286 1496; x_wconf 82' lang='lat' dir='ltr'><strong>Anteae</strong></span> 
     </span>
     <span class='ocr_line' id='line_1_13' title="bbox 137 1527 1372 1619; baseline 0.005 -23"><span class='ocrx_word' id='word_1_99' title='bbox 137 1540 243 1596; x_wconf 86' lang='lat' dir='ltr'><strong>rostra</strong></span> <span class='ocrx_word' id='word_1_100' title='bbox 264 1529 393 1594; x_wconf 89' lang='lat' dir='ltr'><strong>navium</strong></span> <span class='ocrx_word' id='word_1_101' title='bbox 415 1527 565 1594; x_wconf 85' lang='lat' dir='ltr'><strong>tribunali</strong></span> <span class='ocrx_word' id='word_1_102' title='bbox 587 1529 730 1615; x_wconf 86' lang='lat' dir='ltr'><strong>praefixa</strong></span> <span class='ocrx_word' id='word_1_103' title='bbox 751 1529 813 1595; x_wconf 85' lang='lat' dir='ltr'><strong>lori</strong></span> <span class='ocrx_word' id='word_1_104' title='bbox 834 1529 934 1596; x_wconf 87' lang='lat' dir='ltr'><strong>decus</strong></span> <span class='ocrx_word' id='word_1_105' title='bbox 956 1540 1056 1609; x_wconf 86' lang='lat' dir='ltr'><strong>erant,</strong></span> <span class='ocrx_word' id='word_1_106' title='bbox 1079 1531 1176 1597; x_wconf 88' lang='lat' dir='ltr'><strong>veluti</strong></span> <span class='ocrx_word' id='word_1_107' title='bbox 1196 1555 1257 1619; x_wconf 88' lang='lat' dir='ltr'><strong>po·</strong></span> <span class='ocrx_word' id='word_1_108' title='bbox 1369 1595 1372 1602; x_wconf 92' lang='grc'><em>,</em></span> 
     </span>
     <span class='ocr_line' id='line_1_14' title="bbox 138 1630 1310 1719; baseline 0.003 -23"><span class='ocrx_word' id='word_1_109' title='bbox 138 1633 214 1719; x_wconf 92' lang='lat' dir='ltr'><strong>pulo</strong></span> <span class='ocrx_word' id='word_1_110' title='bbox 229 1631 373 1697; x_wconf 88' lang='lat' dir='ltr'><strong>Romano</strong></span> <span class='ocrx_word' id='word_1_111' title='bbox 386 1630 450 1716; x_wconf 92' lang='lat' dir='ltr'><strong>ipsi</strong></span> <span class='ocrx_word' id='word_1_112' title='bbox 472 1652 588 1696; x_wconf 90' lang='lat' dir='ltr'><strong>corona</strong></span> <span class='ocrx_word' id='word_1_113' title='bbox 610 1630 765 1715; x_wconf 85' lang='lat' dir='ltr'><strong>inposita3</strong></span> <span class='ocrx_word' id='word_1_114' title='bbox 788 1640 957 1716; x_wconf 84' lang='lat' dir='ltr'><strong>postquam</strong></span> <span class='ocrx_word' id='word_1_115' title='bbox 978 1653 1055 1697; x_wconf 89' lang='lat' dir='ltr'><strong>vero</strong></span> <span class='ocrx_word' id='word_1_116' title='bbox 1078 1631 1257 1700; x_wconf 80' lang='lat' dir='ltr'><strong>tribuniciis</strong></span> <span class='ocrx_word' id='word_1_117' title='bbox 1307 1668 1310 1673; x_wconf 94' lang='lat'>·</span> 
     </span>
     <span class='ocr_line' id='line_1_15' title="bbox 138 1729 1256 1819; baseline -0.002 -19"><span class='ocrx_word' id='word_1_118' title='bbox 138 1729 348 1800; x_wconf 85' lang='lat' dir='ltr'><strong>seditionibus</strong></span> <span class='ocrx_word' id='word_1_119' title='bbox 369 1731 485 1797; x_wconf 87' lang='lat' dir='ltr'><strong>calcari</strong></span> <span class='ocrx_word' id='word_1_120' title='bbox 508 1754 546 1796; x_wconf 91' lang='lat' dir='ltr'><strong>ac</strong></span> <span class='ocrx_word' id='word_1_121' title='bbox 567 1731 666 1817; x_wconf 89' lang='lat' dir='ltr'><strong>pollui</strong></span> <span class='ocrx_word' id='word_1_122' title='bbox 689 1753 832 1818; x_wconf 89' lang='lat' dir='ltr'><strong>coepere,</strong></span> <span class='ocrx_word' id='word_1_123' title='bbox 854 1743 1022 1818; x_wconf 85' lang='lat' dir='ltr'><strong>postquam</strong></span> <span class='ocrx_word' id='word_1_124' title='bbox 1039 1733 1123 1799; x_wconf 86' lang='lat' dir='ltr'><strong>vires</strong></span> <span class='ocrx_word' id='word_1_125' title='bbox 1139 1757 1179 1808; x_wconf 70' lang='lat' dir='ltr'><strong>en</strong></span> <span class='ocrx_word' id='word_1_126' title='bbox 1194 1756 1256 1819; x_wconf 90' lang='lat' dir='ltr'><strong>pu·</strong></span> 
     </span>
     <span class='ocr_line' id='line_1_16' title="bbox 137 1831 1255 1921; baseline 0.003 -23"><span class='ocrx_word' id='word_1_127' title='bbox 137 1833 222 1899; x_wconf 90' lang='lat' dir='ltr'><strong>blico</strong></span> <span class='ocrx_word' id='word_1_128' title='bbox 247 1832 281 1896; x_wconf 92' lang='lat' dir='ltr'><strong>in</strong></span> <span class='ocrx_word' id='word_1_129' title='bbox 308 1831 469 1921; x_wconf 87' lang='lat' dir='ltr'><strong>privatum</strong></span> <span class='ocrx_word' id='word_1_130' title='bbox 495 1831 548 1918; x_wconf 85' lang='lat' dir='ltr'><strong>agi</strong></span> <span class='ocrx_word' id='word_1_131' title='bbox 579 1832 777 1921; x_wconf 85' lang='lat' dir='ltr'><strong>singulisque</strong></span> <span class='ocrx_word' id='word_1_132' title='bbox 804 1832 924 1899; x_wconf 87' lang='lat' dir='ltr'><strong>civium</strong></span> <span class='ocrx_word' id='word_1_133' title='bbox 949 1834 1060 1917; x_wconf 88' lang='lat' dir='ltr'><strong>quaeri</strong></span> <span class='ocrx_word' id='word_1_134' title='bbox 1088 1846 1120 1901; x_wconf 89' lang='lat' dir='ltr'><strong>et</strong></span> <span class='ocrx_word' id='word_1_135' title='bbox 1147 1856 1255 1907; x_wconf 85' lang='lat' dir='ltr'><strong>sacro·</strong></span> 
     </span>
     <span class='ocr_line' id='line_1_17' title="bbox 138 1933 1256 2020; baseline 0.003 -20"><span class='ocrx_word' id='word_1_136' title='bbox 138 1934 242 2000; x_wconf 86' lang='lat' dir='ltr'><strong>saneti</strong></span> <span class='ocrx_word' id='word_1_137' title='bbox 269 1933 376 1998; x_wconf 91' lang='lat' dir='ltr'><strong>omnia</strong></span> <span class='ocrx_word' id='word_1_138' title='bbox 402 1933 536 2018; x_wconf 89' lang='lat' dir='ltr'><strong>profana</strong></span> <span class='ocrx_word' id='word_1_139' title='bbox 558 1933 673 2012; x_wconf 81' lang='lat' dir='ltr'><strong>facere,</strong></span> <span class='ocrx_word' id='word_1_140' title='bbox 702 1944 770 1998; x_wconf 91' lang='lat' dir='ltr'><strong>tum</strong></span> <span class='ocrx_word' id='word_1_141' title='bbox 792 1957 812 1998; x_wconf 90' lang='lat' dir='ltr'><strong>a</strong></span> <span class='ocrx_word' id='word_1_142' title='bbox 832 1934 968 2020; x_wconf 90' lang='lat' dir='ltr'><strong>pedibus</strong></span> <span class='ocrx_word' id='word_1_143' title='bbox 997 1957 1106 2000; x_wconf 91' lang='lat' dir='ltr'><strong>eorum</strong></span> <span class='ocrx_word' id='word_1_144' title='bbox 1127 1937 1256 2004; x_wconf 86' lang='lat' dir='ltr'><strong>subiere</strong></span> 
     </span>
     <span class='ocr_line' id='line_1_18' title="bbox 136 2033 1255 2127; baseline 0.001 -26"><span class='ocrx_word' id='word_1_145' title='bbox 136 2036 171 2101; x_wconf 91' lang='lat' dir='ltr'><strong>in</strong></span> <span class='ocrx_word' id='word_1_146' title='bbox 186 2035 291 2121; x_wconf 89' lang='lat' dir='ltr'><strong>capita</strong></span> <span class='ocrx_word' id='word_1_147' title='bbox 305 2034 423 2100; x_wconf 87' lang='lat' dir='ltr'><strong>civium</strong></span> <span class='ocrx_word' id='word_1_148' title='bbox 437 2044 550 2100; x_wconf 86' lang='lat' dir='ltr'><strong>rostra.</strong></span> <span class='ocrx_word' id='word_1_149' title='bbox 571 2033 672 2100; x_wconf 90' lang='lat' dir='ltr'><strong>Dedit</strong></span> <span class='ocrx_word' id='word_1_150' title='bbox 687 2034 769 2100; x_wconf 89' lang='lat' dir='ltr'><strong>hanc</strong></span> <span class='ocrx_word' id='word_1_151' title='bbox 783 2035 956 2124; x_wconf 85' lang='lat' dir='ltr'><strong>Augustus</strong></span> <span class='ocrx_word' id='word_1_152' title='bbox 970 2058 1118 2102; x_wconf 90' lang='lat' dir='ltr'><strong>coronam</strong></span> <span class='ocrx_word' id='word_1_153' title='bbox 1132 2039 1255 2127; x_wconf 83' lang='lat' dir='ltr'><strong>Agrip-</strong></span> 
     </span>
     <span class='ocr_line' id='line_1_19' title="bbox 136 2134 1293 2225; baseline 0.001 -23"><span class='ocrx_word' id='word_1_154' title='bbox 136 2160 208 2225; x_wconf 86' lang='lat' dir='ltr'><strong>pae,</strong></span> <span class='ocrx_word' id='word_1_155' title='bbox 231 2136 288 2202; x_wconf 89' lang='lat' dir='ltr'><strong>sed</strong></span> <span class='ocrx_word' id='word_1_156' title='bbox 310 2134 445 2201; x_wconf 88' lang='lat' dir='ltr'><strong>civicam</strong></span> <span class='ocrx_word' id='word_1_157' title='bbox 466 2159 485 2200; x_wconf 90' lang='lat' dir='ltr'><strong>a</strong></span> <span class='ocrx_word' id='word_1_158' title='bbox 506 2157 624 2222; x_wconf 86' lang='lat' dir='ltr'><strong>genere</strong></span> <span class='ocrx_word' id='word_1_159' title='bbox 645 2135 784 2202; x_wconf 89' lang='lat' dir='ltr'><strong>humano</strong></span> <span class='ocrx_word' id='word_1_160' title='bbox 806 2136 930 2222; x_wconf 86' lang='lat' dir='ltr'><strong>aceepit</strong></span> <span class='ocrx_word' id='word_1_161' title='bbox 951 2136 1031 2223; x_wconf 88' lang='lat' dir='ltr'><strong>ipse.</strong></span> <span class='ocrx_word' id='word_1_162' title='bbox 1291 2145 1293 2149; x_wconf 83' lang='lat'>&#39;</span> 
     </span>
    </p>

    <p class='ocr_par' dir='ltr' id='par_1_4' title="bbox 136 2236 1302 3139">
     <span class='ocr_line' id='line_1_20' title="bbox 179 2236 1284 2322; baseline -0.001 -20"><span class='ocrx_word' id='word_1_163' title='bbox 179 2240 210 2302; x_wconf 88' lang='grc'><strong>4.</strong></span> <span class='ocrx_word' id='word_1_164' title='bbox 239 2237 430 2322; x_wconf 88' lang='lat' dir='ltr'><strong>Antiquitus</strong></span> <span class='ocrx_word' id='word_1_165' title='bbox 451 2236 582 2322; x_wconf 92' lang='lat' dir='ltr'><strong>quidem</strong></span> <span class='ocrx_word' id='word_1_166' title='bbox 603 2238 692 2303; x_wconf 88' lang='lat' dir='ltr'><strong>nulla</strong></span> <span class='ocrx_word' id='word_1_167' title='bbox 711 2237 774 2302; x_wconf 91' lang='lat' dir='ltr'><strong>nisi</strong></span> <span class='ocrx_word' id='word_1_168' title='bbox 796 2238 856 2303; x_wconf 91' lang='lat' dir='ltr'><strong>deo</strong></span> <span class='ocrx_word' id='word_1_169' title='bbox 878 2237 1029 2316; x_wconf 83' lang='lat' dir='ltr'><strong>dabatur3</strong></span> <span class='ocrx_word' id='word_1_170' title='bbox 1057 2239 1098 2306; x_wconf 92' lang='lat' dir='ltr'><strong>ob</strong></span> <span class='ocrx_word' id='word_1_171' title='bbox 1127 2241 1161 2306; x_wconf 91' lang='lat' dir='ltr'><strong>id</strong></span> <span class='ocrx_word' id='word_1_172' title='bbox 1182 2239 1284 2306; x_wconf 65' lang='grc' dir='ltr'><strong>ΗΜ</strong></span> 
     </span>
     <span class='ocr_line' id='line_1_21' title="bbox 136 2338 1255 2425; baseline 0.002 -21"><span class='ocrx_word' id='word_1_173' title='bbox 136 2362 245 2406; x_wconf 86' lang='lat' dir='ltr'><strong>merus</strong></span> <span class='ocrx_word' id='word_1_174' title='bbox 268 2341 355 2404; x_wconf 87' lang='lat' dir='ltr'><strong>eaelo</strong></span> <span class='ocrx_word' id='word_1_175' title='bbox 378 2349 500 2403; x_wconf 86' lang='lat' dir='ltr'><strong>tantum</strong></span> <span class='ocrx_word' id='word_1_176' title='bbox 522 2362 592 2405; x_wconf 91' lang='lat' dir='ltr'><strong>eam</strong></span> <span class='ocrx_word' id='word_1_177' title='bbox 614 2350 646 2403; x_wconf 89' lang='lat' dir='ltr'><strong>et</strong></span> <span class='ocrx_word' id='word_1_178' title='bbox 667 2338 788 2425; x_wconf 90' lang='lat' dir='ltr'><strong>proelio</strong></span> <span class='ocrx_word' id='word_1_179' title='bbox 813 2339 964 2406; x_wconf 90' lang='lat' dir='ltr'><strong>universo</strong></span> <span class='ocrx_word' id='word_1_180' title='bbox 990 2339 1110 2419; x_wconf 87' lang='lat' dir='ltr'><strong>tribuit,</strong></span> <span class='ocrx_word' id='word_1_181' title='bbox 1137 2342 1255 2409; x_wconf 88' lang='lat' dir='ltr'><strong>viritim</strong></span> 
     </span>
     <span class='ocr_line' id='line_1_22' title="bbox 138 2440 1255 2527; baseline 0.001 -21"><span class='ocrx_word' id='word_1_182' title='bbox 138 2463 213 2506; x_wconf 86' lang='lat' dir='ltr'><strong>vero</strong></span> <span class='ocrx_word' id='word_1_183' title='bbox 234 2463 276 2506; x_wconf 91' lang='lat' dir='ltr'><strong>ne</strong></span> <span class='ocrx_word' id='word_1_184' title='bbox 296 2440 331 2504; x_wconf 90' lang='lat' dir='ltr'><strong>in</strong></span> <span class='ocrx_word' id='word_1_185' title='bbox 354 2440 524 2506; x_wconf 87' lang='lat' dir='ltr'><strong>certamine</strong></span> <span class='ocrx_word' id='word_1_186' title='bbox 538 2440 668 2525; x_wconf 90' lang='lat' dir='ltr'><strong>quidem</strong></span> <span class='ocrx_word' id='word_1_187' title='bbox 683 2440 751 2517; x_wconf 90' lang='lat' dir='ltr'><strong>ulli,</strong></span> <span class='ocrx_word' id='word_1_188' title='bbox 774 2440 948 2527; x_wconf 84' lang='lat' dir='ltr'><strong>feruntque</strong></span> <span class='ocrx_word' id='word_1_189' title='bbox 962 2441 1100 2526; x_wconf 88' lang='lat' dir='ltr'><strong>primum</strong></span> <span class='ocrx_word' id='word_1_190' title='bbox 1114 2444 1255 2508; x_wconf 90' lang='lat' dir='ltr'><strong>omnium</strong></span> 
     </span>
     <span class='ocr_line' id='line_1_23' title="bbox 137 2540 1257 2627; baseline 0.001 -21"><span class='ocrx_word' id='word_1_191' title='bbox 137 2541 295 2609; x_wconf 91' lang='lat' dir='ltr'><strong>Liberum</strong></span> <span class='ocrx_word' id='word_1_192' title='bbox 321 2551 445 2626; x_wconf 90' lang='lat' dir='ltr'><strong>patrem</strong></span> <span class='ocrx_word' id='word_1_193' title='bbox 475 2541 656 2626; x_wconf 86' lang='lat' dir='ltr'><strong>inposuisse</strong></span> <span class='ocrx_word' id='word_1_194' title='bbox 684 2540 780 2627; x_wconf 85' lang='lat' dir='ltr'><strong>capiti</strong></span> <span class='ocrx_word' id='word_1_195' title='bbox 808 2563 867 2606; x_wconf 91' lang='lat' dir='ltr'><strong>suo</strong></span> <span class='ocrx_word' id='word_1_196' title='bbox 896 2564 936 2607; x_wconf 87' lang='lat' dir='ltr'><strong>ex</strong></span> <span class='ocrx_word' id='word_1_197' title='bbox 963 2542 1091 2608; x_wconf 88' lang='lat' dir='ltr'><strong>hedera.</strong></span> <span class='ocrx_word' id='word_1_198' title='bbox 1136 2543 1257 2608; x_wconf 86' lang='lat' dir='ltr'><strong>Postea</strong></span> 
     </span>
     <span class='ocr_line' id='line_1_24' title="bbox 138 2641 1255 2728; baseline -0.003 -20"><span class='ocrx_word' id='word_1_199' title='bbox 138 2643 270 2708; x_wconf 88' lang='lat' dir='ltr'><strong>deorum</strong></span> <span class='ocrx_word' id='word_1_200' title='bbox 296 2641 408 2707; x_wconf 92' lang='lat' dir='ltr'><strong>honori</strong></span> <span class='ocrx_word' id='word_1_201' title='bbox 435 2642 652 2708; x_wconf 84' lang='lat' dir='ltr'><strong>sacrificantes</strong></span> <span class='ocrx_word' id='word_1_202' title='bbox 680 2664 855 2728; x_wconf 88' lang='lat' dir='ltr'><strong>sumpsere,</strong></span> <span class='ocrx_word' id='word_1_203' title='bbox 884 2641 1021 2708; x_wconf 88' lang='lat' dir='ltr'><strong>victimis</strong></span> <span class='ocrx_word' id='word_1_204' title='bbox 1050 2642 1143 2708; x_wconf 88' lang='lat' dir='ltr'><strong>simul</strong></span> <span class='ocrx_word' id='word_1_205' title='bbox 1164 2664 1255 2706; x_wconf 87' lang='lat' dir='ltr'><strong>eoro-</strong></span> 
     </span>
     <span class='ocr_line' id='line_1_25' title="bbox 137 2741 1302 2830; baseline -0.004 -21"><span class='ocrx_word' id='word_1_206' title='bbox 137 2745 235 2809; x_wconf 89' lang='lat' dir='ltr'><strong>natia.</strong></span> <span class='ocrx_word' id='word_1_207' title='bbox 255 2743 437 2809; x_wconf 87' lang='lat' dir='ltr'><strong>Novissime</strong></span> <span class='ocrx_word' id='word_1_208' title='bbox 460 2753 492 2808; x_wconf 91' lang='lat' dir='ltr'><strong>et</strong></span> <span class='ocrx_word' id='word_1_209' title='bbox 512 2743 546 2808; x_wconf 91' lang='lat' dir='ltr'><strong>in</strong></span> <span class='ocrx_word' id='word_1_210' title='bbox 569 2743 668 2808; x_wconf 81' lang='lat' dir='ltr'><strong>sacris</strong></span> <span class='ocrx_word' id='word_1_211' title='bbox 689 2741 917 2807; x_wconf 88' lang='lat' dir='ltr'><strong>certaminibus</strong></span> <span class='ocrx_word' id='word_1_212' title='bbox 931 2754 1114 2829; x_wconf 88' lang='lat' dir='ltr'><strong>usurpatae,</strong></span> <span class='ocrx_word' id='word_1_213' title='bbox 1135 2743 1168 2807; x_wconf 88' lang='lat' dir='ltr'><strong>in</strong></span> <span class='ocrx_word' id='word_1_214' title='bbox 1184 2745 1253 2830; x_wconf 91' lang='lat' dir='ltr'><strong>qui·</strong></span> <span class='ocrx_word' id='word_1_215' title='bbox 1271 2760 1302 2805; x_wconf 82' lang='lat' dir='ltr'><strong>ro</strong></span> 
     </span>
     <span class='ocr_line' id='line_1_26' title="bbox 138 2843 1257 2929; baseline 0.004 -19"><span class='ocrx_word' id='word_1_216' title='bbox 138 2843 200 2910; x_wconf 93' lang='lat' dir='ltr'><strong>bus</strong></span> <span class='ocrx_word' id='word_1_217' title='bbox 220 2843 380 2928; x_wconf 90' lang='lat' dir='ltr'><strong>hodieque</strong></span> <span class='ocrx_word' id='word_1_218' title='bbox 401 2867 465 2909; x_wconf 91' lang='lat' dir='ltr'><strong>non</strong></span> <span class='ocrx_word' id='word_1_219' title='bbox 486 2844 599 2911; x_wconf 85' lang='lat' dir='ltr'><strong>victori</strong></span> <span class='ocrx_word' id='word_1_220' title='bbox 622 2844 717 2910; x_wconf 90' lang='lat' dir='ltr'><strong>datur</strong></span> <span class='ocrx_word' id='word_1_221' title='bbox 739 2845 796 2909; x_wconf 86' lang='lat' dir='ltr'><strong>sed</strong></span> <span class='ocrx_word' id='word_1_222' title='bbox 822 2843 958 2929; x_wconf 88' lang='lat' dir='ltr'><strong>patriam</strong></span> <span class='ocrx_word' id='word_1_223' title='bbox 985 2843 1026 2909; x_wconf 91' lang='lat' dir='ltr'><strong>ab</strong></span> <span class='ocrx_word' id='word_1_224' title='bbox 1054 2867 1092 2910; x_wconf 91' lang='lat' dir='ltr'><strong>eo</strong></span> <span class='ocrx_word' id='word_1_225' title='bbox 1114 2848 1257 2914; x_wconf 81' lang='lat' dir='ltr'><strong>coronari</strong></span> 
     </span>
     <span class='ocr_line' id='line_1_27' title="bbox 138 2944 1266 3032; baseline 0.007 -24"><span class='ocrx_word' id='word_1_226' title='bbox 138 2945 373 3031; x_wconf 90' lang='lat' dir='ltr'><strong>pronuntiatur.</strong></span> <span class='ocrx_word' id='word_1_227' title='bbox 406 2944 486 3010; x_wconf 91' lang='lat' dir='ltr'><strong>Inde</strong></span> <span class='ocrx_word' id='word_1_228' title='bbox 512 2955 623 3010; x_wconf 90' lang='lat' dir='ltr'><strong>natum</strong></span> <span class='ocrx_word' id='word_1_229' title='bbox 649 2955 686 3010; x_wconf 88' lang='lat' dir='ltr'><strong>ut</strong></span> <span class='ocrx_word' id='word_1_230' title='bbox 713 2955 746 3010; x_wconf 88' lang='lat' dir='ltr'><strong>et</strong></span> <span class='ocrx_word' id='word_1_231' title='bbox 774 2945 1017 3032; x_wconf 90' lang='lat' dir='ltr'><strong>triumphaturis</strong></span> <span class='ocrx_word' id='word_1_232' title='bbox 1039 2948 1266 3016; x_wconf 76' lang='lat' dir='ltr'><strong>conferrentur¹</strong></span> 
     </span>
     <span class='ocr_line' id='line_1_28' title="bbox 138 3044 1259 3139; baseline 0.006 -29"><span class='ocrx_word' id='word_1_233' title='bbox 138 3044 173 3110; x_wconf 92' lang='lat' dir='ltr'><strong>in</strong></span> <span class='ocrx_word' id='word_1_234' title='bbox 194 3046 323 3135; x_wconf 89' lang='lat' dir='ltr'><strong>templis</strong></span> <span class='ocrx_word' id='word_1_235' title='bbox 345 3046 512 3126; x_wconf 87' lang='lat' dir='ltr'><strong>dicandae,</strong></span> <span class='ocrx_word' id='word_1_236' title='bbox 534 3068 609 3113; x_wconf 84' lang='lat' dir='ltr'><strong>mox</strong></span> <span class='ocrx_word' id='word_1_237' title='bbox 630 3057 667 3110; x_wconf 91' lang='lat' dir='ltr'><strong>ut</strong></span> <span class='ocrx_word' id='word_1_238' title='bbox 688 3056 721 3112; x_wconf 92' lang='lat' dir='ltr'><strong>et</strong></span> <span class='ocrx_word' id='word_1_239' title='bbox 741 3045 825 3112; x_wconf 90' lang='lat' dir='ltr'><strong>ludis</strong></span> <span class='ocrx_word' id='word_1_240' title='bbox 846 3046 1008 3112; x_wconf 90' lang='lat' dir='ltr'><strong>darentur.</strong></span> <span class='ocrx_word' id='word_1_241' title='bbox 1036 3047 1187 3139; x_wconf 84' lang='lat' dir='ltr'><strong>Longum</strong></span> <span class='ocrx_word' id='word_1_242' title='bbox 1209 3061 1259 3117; x_wconf 87' lang='lat' dir='ltr'><strong>est</strong></span> 
     </span>
    </p>
   </div>
   <div class='ocr_carea' id='block_1_3' title="bbox 137 3218 1329 4160">
    <p class='ocr_par' dir='ltr' id='par_1_5' title="bbox 137 3218 1258 3484">
     <span class='ocr_line' id='line_1_29' title="bbox 138 3218 1258 3288; baseline 0.004 -22"><span class='ocrx_word' id='word_1_243' title='bbox 138 3218 246 3280; x_wconf 81' lang='lat' dir='ltr'><strong>erigunt,</strong></span> <span class='ocrx_word' id='word_1_244' title='bbox 258 3219 376 3269; x_wconf 87' lang='lat' dir='ltr'><strong>altiorem</strong></span> <span class='ocrx_word' id='word_1_245' title='bbox 384 3222 500 3280; x_wconf 83' lang='lat' dir='ltr'><strong>reddunt,</strong></span> <span class='ocrx_word' id='word_1_246' title='bbox 512 3222 549 3271; x_wconf 87' lang='lat' dir='ltr'><strong>nti</strong></span> <span class='ocrx_word' id='word_1_247' title='bbox 558 3224 625 3285; x_wconf 84' lang='lat' dir='ltr'><strong>apud</strong></span> <span class='ocrx_word' id='word_1_248' title='bbox 633 3221 766 3271; x_wconf 85' lang='lat' dir='ltr'><strong>Lucanum</strong></span> <span class='ocrx_word' id='word_1_249' title='bbox 778 3228 802 3278; x_wconf 82' lang='grc'><strong>3,</strong></span> <span class='ocrx_word' id='word_1_250' title='bbox 815 3225 873 3271; x_wconf 80' lang='lat'><strong>³97.</strong></span> <span class='ocrx_word' id='word_1_251' title='bbox 885 3219 982 3269; x_wconf 80' lang='lat' dir='ltr'><strong>collibns</strong></span> <span class='ocrx_word' id='word_1_252' title='bbox 992 3219 1148 3288; x_wconf 78' lang='lat' dir='ltr'><strong>Appenninus</strong></span> <span class='ocrx_word' id='word_1_253' title='bbox 1158 3219 1258 3270; x_wconf 82' lang='lat' dir='ltr'><strong>Italiam</strong></span> 
     </span>
     <span class='ocr_line' id='line_1_30' title="bbox 139 3280 1257 3351; baseline 0.005 -19"><span class='ocrx_word' id='word_1_254' title='bbox 139 3283 216 3349; x_wconf 80' lang='lat' dir='ltr'><strong>eripit.</strong></span> <span class='ocrx_word' id='word_1_255' title='bbox 236 3325 267 3335; x_wconf 79' lang='lat'>-</span> <span class='ocrx_word' id='word_1_256' title='bbox 290 3284 447 3351; x_wconf 63' lang='lat' dir='ltr'><strong>nltr&#39;ara&#39;mm.</strong></span> <span class='ocrx_word' id='word_1_257' title='bbox 467 3329 497 3337; x_wconf 86' lang='lat'><strong>..</strong></span> <span class='ocrx_word' id='word_1_258' title='bbox 524 3286 630 3351; x_wconf 59' lang='lat' dir='ltr'><strong>&amp;tanain</strong></span> <span class='ocrx_word' id='word_1_259' title='bbox 643 3304 665 3339; x_wconf 76' lang='lat' dir='ltr'><strong>a</strong></span> <span class='ocrx_word' id='word_1_260' title='bbox 689 3329 720 3337; x_wconf 91' lang='grc'><strong>..</strong></span> <span class='ocrx_word' id='word_1_261' title='bbox 744 3286 913 3348; x_wconf 68' lang='lat' dir='ltr'><strong>marimaad</strong></span> <span class='ocrx_word' id='word_1_262' title='bbox 936 3288 1045 3350; x_wconf 75' lang='lat' dir='ltr'><strong>monime,</strong></span> <span class='ocrx_word' id='word_1_263' title='bbox 1061 3280 1117 3338; x_wconf 88' lang='grc' dir='ltr'><strong>θΤ.</strong></span> <span class='ocrx_word' id='word_1_264' title='bbox 1141 3330 1171 3338; x_wconf 85' lang='grc'><strong>..</strong></span> <span class='ocrx_word' id='word_1_265' title='bbox 1196 3305 1257 3340; x_wconf 83' lang='lat' dir='ltr'><strong>corn·</strong></span> 
     </span>
     <span class='ocr_line' id='line_1_31' title="bbox 137 3349 1257 3484; baseline 0.005 -83"><span class='ocrx_word' id='word_1_266' title='bbox 137 3349 218 3468; x_wconf 52' lang='lat' dir='ltr'><strong>plangi</strong></span> <span class='ocrx_word' id='word_1_267' title='bbox 231 3369 253 3402; x_wconf 81' lang='lat' dir='ltr'><strong>a</strong></span> <span class='ocrx_word' id='word_1_268' title='bbox 273 3353 407 3484; x_wconf 53' lang='grc' dir='ltr'><em>-Ηειῖυαὲ,</em></span> <span class='ocrx_word' id='word_1_269' title='bbox 419 3372 441 3406; x_wconf 87' lang='lat' dir='ltr'><strong>a.</strong></span> <span class='ocrx_word' id='word_1_270' title='bbox 463 3354 561 3415; x_wconf 74' lang='lat' dir='ltr'><strong>inculca</strong></span> <span class='ocrx_word' id='word_1_271' title='bbox 574 3351 645 3420; x_wconf 77' lang='grc' dir='ltr'><strong>ᾱβγ.</strong></span> <span class='ocrx_word' id='word_1_272' title='bbox 664 3395 696 3405; x_wconf 89' lang='grc'><strong>..</strong></span> <span class='ocrx_word' id='word_1_273' title='bbox 719 3353 816 3417; x_wconf 82' lang='lat' dir='ltr'><strong>librato,</strong></span> <span class='ocrx_word' id='word_1_274' title='bbox 828 3371 851 3406; x_wconf 82' lang='lat' dir='ltr'><strong>a</strong></span> <span class='ocrx_word' id='word_1_275' title='bbox 874 3395 906 3405; x_wconf 90' lang='grc'><strong>...</strong></span> <span class='ocrx_word' id='word_1_276' title='bbox 927 3372 1010 3419; x_wconf 85' lang='lat' dir='ltr'><strong>prora,</strong></span> <span class='ocrx_word' id='word_1_277' title='bbox 1023 3359 1047 3407; x_wconf 86' lang='lat' dir='ltr'><strong>d.</strong></span> <span class='ocrx_word' id='word_1_278' title='bbox 1065 3371 1192 3421; x_wconf 62' lang='lat' dir='ltr'><strong>womero,</strong></span> <span class='ocrx_word' id='word_1_279' title='bbox 1207 3349 1257 3407; x_wconf 72' lang='lat' dir='ltr'><strong>Oa</strong></span> 
     </span>
     <span class='ocr_line' id='line_1_32' title="bbox 141 3419 435 3482; baseline 0.017 -14"><span class='ocrx_word' id='word_1_280' title='bbox 141 3458 168 3468; x_wconf 89' lang='lat'><strong>..</strong></span> <span class='ocrx_word' id='word_1_281' title='bbox 194 3419 233 3481; x_wconf 64' lang='grc' dir='ltr'><strong>ἰζ</strong></span> <span class='ocrx_word' id='word_1_282' title='bbox 246 3437 268 3470; x_wconf 89' lang='lat' dir='ltr'><strong>a.</strong></span> <span class='ocrx_word' id='word_1_283' title='bbox 287 3419 298 3468; x_wconf 81' lang='grc' dir='ltr'><strong>ι’</strong></span> <span class='ocrx_word' id='word_1_284' title='bbox 314 3424 379 3482; x_wconf 64' lang='lat' dir='ltr'><strong>aad</strong></span> <span class='ocrx_word' id='word_1_285' title='bbox 428 3459 435 3473; x_wconf 86' lang='lat'><strong>.</strong></span> 
     </span>
    </p>

    <p class='ocr_par' dir='ltr' id='par_1_6' title="bbox 173 3438 961 3551">
     <span class='ocr_line' id='line_1_33' title="bbox 173 3438 961 3551; baseline 0.004 -14"><span class='ocrx_word' id='word_1_286' title='bbox 173 3488 224 3550; x_wconf 78' lang='lat' dir='ltr'><strong>§a</strong></span> <span class='ocrx_word' id='word_1_287' title='bbox 242 3438 428 3551; x_wconf 46' lang='lat' dir='ltr'><strong>fflrcana&#39;ami</strong></span> <span class='ocrx_word' id='word_1_288' title='bbox 441 3531 472 3539; x_wconf 84' lang='grc'>-</span> <span class='ocrx_word' id='word_1_289' title='bbox 490 3489 563 3551; x_wconf 67' lang='lat' dir='ltr'><strong>mura,</strong></span> <span class='ocrx_word' id='word_1_290' title='bbox 576 3506 600 3540; x_wconf 88' lang='lat' dir='ltr'><strong>a.</strong></span> <span class='ocrx_word' id='word_1_291' title='bbox 617 3490 792 3551; x_wconf 56' lang='lat' dir='ltr'><strong>inuecmw.</strong></span> <span class='ocrx_word' id='word_1_292' title='bbox 811 3490 961 3543; x_wconf 89' lang='lat' dir='ltr'><strong>Omitt.Kr.</strong></span> 
     </span>
    </p>

    <p class='ocr_par' dir='ltr' id='par_1_7' title="bbox 139 3555 1259 3684">
     <span class='ocr_line' id='line_1_34' title="bbox 174 3555 1259 3674; baseline -0.001 -68"><span class='ocrx_word' id='word_1_293' title='bbox 174 3556 192 3633; x_wconf 59' lang='grc' dir='ltr'>ξ</span> <span class='ocrx_word' id='word_1_294' title='bbox 203 3559 225 3606; x_wconf 87' lang='grc'><strong>7.</strong></span> <span class='ocrx_word' id='word_1_295' title='bbox 248 3557 396 3674; x_wconf 48' lang='lat' dir='ltr'><strong>{osanna</strong></span> <span class='ocrx_word' id='word_1_296' title='bbox 419 3555 791 3622; x_wconf 64' lang='lat' dir='ltr'><strong>prcffanum,Td(Ambr.H.)</strong></span> <span class='ocrx_word' id='word_1_297' title='bbox 813 3557 1102 3622; x_wconf 80' lang='lat' dir='ltr'><strong>profanatio,r(Ambr.</strong></span> <span class='ocrx_word' id='word_1_298' title='bbox 1114 3557 1149 3622; x_wconf 92' lang='lat'><strong>1.)</strong></span> <span class='ocrx_word' id='word_1_299' title='bbox 1172 3558 1259 3623; x_wconf 86' lang='lat' dir='ltr'><strong>profc-</strong></span> 
     </span>
     <span class='ocr_line' id='line_1_35' title="bbox 139 3629 241 3684; baseline 0.01 -14"><span class='ocrx_word' id='word_1_300' title='bbox 139 3629 241 3684; x_wconf 72' lang='lat' dir='ltr'><strong>maone,</strong></span> 
     </span>
    </p>

    <p class='ocr_par' dir='ltr' id='par_1_8' title="bbox 140 3689 1259 4026">
     <span class='ocr_line' id='line_1_36' title="bbox 173 3689 1258 3758; baseline 0.003 -19"><span class='ocrx_word' id='word_1_301' title='bbox 173 3691 225 3753; x_wconf 63' lang='lat'><strong>58.</strong></span> <span class='ocrx_word' id='word_1_302' title='bbox 243 3689 314 3751; x_wconf 85' lang='lat' dir='ltr'><strong>Ante,</strong></span> <span class='ocrx_word' id='word_1_303' title='bbox 327 3694 350 3742; x_wconf 87' lang='lat' dir='ltr'><strong>d.</strong></span> <span class='ocrx_word' id='word_1_304' title='bbox 365 3733 396 3742; x_wconf 83' lang='lat'><strong>..</strong></span> <span class='ocrx_word' id='word_1_305' title='bbox 406 3692 475 3756; x_wconf 86' lang='lat' dir='ltr'><strong>foro,</strong></span> <span class='ocrx_word' id='word_1_306' title='bbox 487 3693 656 3743; x_wconf 77' lang='lat' dir='ltr'><strong>AmbaL-</strong></span> <span class='ocrx_word' id='word_1_307' title='bbox 671 3709 698 3756; x_wconf 87' lang='lat' dir='ltr'><strong>p.</strong></span> <span class='ocrx_word' id='word_1_308' title='bbox 710 3691 753 3755; x_wconf 66' lang='lat' dir='ltr'><strong>R,</strong></span> <span class='ocrx_word' id='word_1_309' title='bbox 765 3709 788 3743; x_wconf 88' lang='lat' dir='ltr'><strong>a.</strong></span> <span class='ocrx_word' id='word_1_310' title='bbox 803 3691 896 3758; x_wconf 78' lang='lat' dir='ltr'><strong>publice</strong></span> <span class='ocrx_word' id='word_1_311' title='bbox 907 3691 1014 3756; x_wconf 83' lang='lat' dir='ltr'><strong>R.,Td.</strong></span> <span class='ocrx_word' id='word_1_312' title='bbox 1032 3693 1069 3743; x_wconf 82' lang='lat' dir='ltr'><strong>rei</strong></span> <span class='ocrx_word' id='word_1_313' title='bbox 1075 3710 1110 3757; x_wconf 72' lang='lat' dir='ltr'><strong>p,</strong></span> <span class='ocrx_word' id='word_1_314' title='bbox 1122 3692 1212 3743; x_wconf 77' lang='lat' dir='ltr'><strong>Ambr.</strong></span> <span class='ocrx_word' id='word_1_315' title='bbox 1222 3691 1258 3742; x_wconf 89' lang='lat'><strong>11.</strong></span> 
     </span>
     <span class='ocr_line' id='line_1_37' title="bbox 141 3755 1258 3826; baseline 0.004 -21"><span class='ocrx_word' id='word_1_316' title='bbox 141 3795 173 3805; x_wconf 89' lang='lat'><strong>..</strong></span> <span class='ocrx_word' id='word_1_317' title='bbox 190 3755 251 3821; x_wconf 75' lang='lat' dir='ltr'><strong>ipsa,</strong></span> <span class='ocrx_word' id='word_1_318' title='bbox 263 3759 353 3808; x_wconf 87' lang='lat' dir='ltr'><strong>Ambr.</strong></span> <span class='ocrx_word' id='word_1_319' title='bbox 366 3759 401 3810; x_wconf 89' lang='lat'><strong>11.</strong></span> <span class='ocrx_word' id='word_1_320' title='bbox 420 3801 451 3809; x_wconf 84' lang='lat'><em>-</em></span> <span class='ocrx_word' id='word_1_321' title='bbox 470 3768 601 3824; x_wconf 84' lang='lat' dir='ltr'><strong>coeperant,</strong></span> <span class='ocrx_word' id='word_1_322' title='bbox 610 3763 634 3810; x_wconf 85' lang='lat' dir='ltr'><strong>d.</strong></span> <span class='ocrx_word' id='word_1_323' title='bbox 656 3800 682 3808; x_wconf 86' lang='lat'>-</span> <span class='ocrx_word' id='word_1_324' title='bbox 701 3760 822 3824; x_wconf 64' lang='lat' dir='ltr'><strong>pmvatutn</strong></span> <span class='ocrx_word' id='word_1_325' title='bbox 834 3761 883 3826; x_wconf 78' lang='lat' dir='ltr'><strong>api,</strong></span> <span class='ocrx_word' id='word_1_326' title='bbox 897 3755 925 3811; x_wconf 87' lang='grc' dir='ltr'><strong>θ.</strong></span> <span class='ocrx_word' id='word_1_327' title='bbox 939 3762 1038 3826; x_wconf 77' lang='lat' dir='ltr'><strong>prinmo</strong></span> <span class='ocrx_word' id='word_1_328' title='bbox 1050 3761 1134 3825; x_wconf 65' lang='lat' dir='ltr'><strong>mopsi,</strong></span> <span class='ocrx_word' id='word_1_329' title='bbox 1147 3762 1190 3809; x_wconf 83' lang='lat' dir='ltr'><strong>ad.</strong></span> <span class='ocrx_word' id='word_1_330' title='bbox 1206 3759 1258 3823; x_wconf 86' lang='lat' dir='ltr'><strong>pri·</strong></span> 
     </span>
     <span class='ocr_line' id='line_1_38' title="bbox 141 3820 1259 3893; baseline 0.005 -22"><span class='ocrx_word' id='word_1_331' title='bbox 141 3829 221 3872; x_wconf 79' lang='lat' dir='ltr'><strong>vatum</strong></span> <span class='ocrx_word' id='word_1_332' title='bbox 238 3825 323 3890; x_wconf 67' lang='lat' dir='ltr'><strong>mapa,</strong></span> <span class='ocrx_word' id='word_1_333' title='bbox 334 3821 363 3888; x_wconf 79' lang='grc' dir='ltr'><strong>β.</strong></span> <span class='ocrx_word' id='word_1_334' title='bbox 381 3868 412 3877; x_wconf 83' lang='grc'><strong>..</strong></span> <span class='ocrx_word' id='word_1_335' title='bbox 436 3834 465 3887; x_wconf 86' lang='lat' dir='ltr'><strong>et,</strong></span> <span class='ocrx_word' id='word_1_336' title='bbox 481 3820 559 3879; x_wconf 72' lang='lat' dir='ltr'><strong>Ora.</strong></span> <span class='ocrx_word' id='word_1_337' title='bbox 577 3828 666 3880; x_wconf 82' lang='lat' dir='ltr'><strong>omitt.</strong></span> <span class='ocrx_word' id='word_1_338' title='bbox 683 3823 754 3893; x_wconf 74' lang='lat' dir='ltr'><strong>dssy.</strong></span> <span class='ocrx_word' id='word_1_339' title='bbox 773 3870 804 3878; x_wconf 85' lang='lat'><strong>-</strong></span> <span class='ocrx_word' id='word_1_340' title='bbox 827 3828 981 3886; x_wconf 70' lang='lat' dir='ltr'><strong>ampsancti,</strong></span> <span class='ocrx_word' id='word_1_341' title='bbox 997 3821 1059 3878; x_wconf 69' lang='grc' dir='ltr'><strong>θαι]</strong></span> <span class='ocrx_word' id='word_1_342' title='bbox 1076 3825 1161 3888; x_wconf 83' lang='lat' dir='ltr'><strong>(codd.</strong></span> <span class='ocrx_word' id='word_1_343' title='bbox 1179 3829 1259 3879; x_wconf 83' lang='lat' dir='ltr'><strong>Turn.</strong></span> 
     </span>
     <span class='ocr_line' id='line_1_39' title="bbox 140 3891 1259 3961; baseline 0.006 -21"><span class='ocrx_word' id='word_1_344' title='bbox 140 3892 234 3953; x_wconf 80' lang='lat' dir='ltr'><strong>adv.4,</strong></span> <span class='ocrx_word' id='word_1_345' title='bbox 248 3892 301 3955; x_wconf 86' lang='grc'><strong>16.)</strong></span> <span class='ocrx_word' id='word_1_346' title='bbox 323 3903 484 3956; x_wconf 74' lang='lat' dir='ltr'><strong>samsonem,</strong></span> <span class='ocrx_word' id='word_1_347' title='bbox 496 3891 575 3961; x_wconf 74' lang='grc' dir='ltr'><strong>Τβγ.</strong></span> <span class='ocrx_word' id='word_1_348' title='bbox 594 3936 625 3946; x_wconf 88' lang='grc'><strong>..</strong></span> <span class='ocrx_word' id='word_1_349' title='bbox 640 3897 736 3960; x_wconf 70' lang='lat' dir='ltr'><strong>scene,</strong></span> <span class='ocrx_word' id='word_1_350' title='bbox 749 3896 837 3946; x_wconf 85' lang='lat' dir='ltr'><strong>Tadr.</strong></span> <span class='ocrx_word' id='word_1_351' title='bbox 852 3895 943 3960; x_wconf 73' lang='lat' dir='ltr'><strong>seem,</strong></span> <span class='ocrx_word' id='word_1_352' title='bbox 954 3892 983 3958; x_wconf 79' lang='grc' dir='ltr'><strong>β.</strong></span> <span class='ocrx_word' id='word_1_353' title='bbox 1003 3936 1034 3945; x_wconf 84' lang='grc'>-</span> <span class='ocrx_word' id='word_1_354' title='bbox 1057 3893 1159 3956; x_wconf 79' lang='lat' dir='ltr'><strong>deenen,</strong></span> <span class='ocrx_word' id='word_1_355' title='bbox 1171 3897 1259 3947; x_wconf 82' lang='lat' dir='ltr'><strong>Heius.</strong></span> 
     </span>
     <span class='ocr_line' id='line_1_40' title="bbox 140 3959 1169 4026; baseline 0.005 -19"><span class='ocrx_word' id='word_1_356' title='bbox 140 3959 197 4007; x_wconf 83' lang='lat' dir='ltr'><strong>adv.</strong></span> <span class='ocrx_word' id='word_1_357' title='bbox 210 3974 235 4023; x_wconf 89' lang='lat' dir='ltr'><strong>p.</strong></span> <span class='ocrx_word' id='word_1_358' title='bbox 249 3965 305 4012; x_wconf 75' lang='lat'><strong>124.</strong></span> <span class='ocrx_word' id='word_1_359' title='bbox 324 3959 460 4026; x_wconf 75' lang='lat' dir='ltr'><strong>„Capitolio</strong></span> <span class='ocrx_word' id='word_1_360' title='bbox 472 3963 532 4012; x_wconf 84' lang='lat' dir='ltr'><strong>enim</strong></span> <span class='ocrx_word' id='word_1_361' title='bbox 543 3963 757 4026; x_wconf 74' lang='lat' dir='ltr'><strong>arbiectansorum</strong></span> <span class='ocrx_word' id='word_1_362' title='bbox 769 3970 792 4011; x_wconf 80' lang='lat' dir='ltr'><strong>et</strong></span> <span class='ocrx_word' id='word_1_363' title='bbox 802 3964 827 4011; x_wconf 85' lang='lat' dir='ltr'><strong>in</strong></span> <span class='ocrx_word' id='word_1_364' title='bbox 839 3979 864 4012; x_wconf 80' lang='lat' dir='ltr'><strong>ao</strong></span> <span class='ocrx_word' id='word_1_365' title='bbox 876 3963 982 4013; x_wconf 78' lang='lat' dir='ltr'><strong>rostra.&#39;’</strong></span> <span class='ocrx_word' id='word_1_366' title='bbox 999 4004 1029 4012; x_wconf 91' lang='lat'><strong>..</strong></span> <span class='ocrx_word' id='word_1_367' title='bbox 1048 3961 1134 4024; x_wconf 77' lang='lat' dir='ltr'><strong>subire,</strong></span> <span class='ocrx_word' id='word_1_368' title='bbox 1147 3979 1169 4012; x_wconf 81' lang='lat' dir='ltr'><strong>a</strong></span> 
     </span>
    </p>

    <p class='ocr_par' dir='ltr' id='par_1_9' title="bbox 139 4025 1329 4160">
     <span class='ocr_line' id='line_1_41' title="bbox 175 4025 1258 4100; baseline 0.006 -24"><span class='ocrx_word' id='word_1_369' title='bbox 175 4027 226 4089; x_wconf 60' lang='lat' dir='ltr'><strong>§a</strong></span> <span class='ocrx_word' id='word_1_370' title='bbox 243 4027 317 4087; x_wconf 78' lang='lat' dir='ltr'><strong>raab,</strong></span> <span class='ocrx_word' id='word_1_371' title='bbox 329 4030 432 4080; x_wconf 88' lang='lat' dir='ltr'><strong>Homer.</strong></span> <span class='ocrx_word' id='word_1_372' title='bbox 444 4031 477 4080; x_wconf 87' lang='lat'><strong>11.</strong></span> <span class='ocrx_word' id='word_1_373' title='bbox 488 4045 514 4093; x_wconf 74' lang='lat' dir='ltr'><strong>a,</strong></span> <span class='ocrx_word' id='word_1_374' title='bbox 525 4037 583 4082; x_wconf 80' lang='lat'><strong>485.</strong></span> <span class='ocrx_word' id='word_1_375' title='bbox 603 4071 634 4082; x_wconf 87' lang='grc'><strong>..</strong></span> <span class='ocrx_word' id='word_1_376' title='bbox 661 4035 698 4092; x_wconf 69' lang='lat' dir='ltr'><strong>aa,</strong></span> <span class='ocrx_word' id='word_1_377' title='bbox 709 4033 743 4081; x_wconf 90' lang='lat' dir='ltr'><strong>D.</strong></span> <span class='ocrx_word' id='word_1_378' title='bbox 769 4046 807 4093; x_wconf 82' lang='lat' dir='ltr'><strong>aa,</strong></span> <span class='ocrx_word' id='word_1_379' title='bbox 822 4034 867 4082; x_wconf 81' lang='lat' dir='ltr'><strong>ad.</strong></span> <span class='ocrx_word' id='word_1_380' title='bbox 893 4025 1004 4094; x_wconf 48' lang='lat' dir='ltr'><strong>anah.</strong></span> <span class='ocrx_word' id='word_1_381' title='bbox 1027 4070 1058 4080; x_wconf 91' lang='lat'><strong>..</strong></span> <span class='ocrx_word' id='word_1_382' title='bbox 1078 4029 1177 4100; x_wconf 74' lang='lat' dir='ltr'><strong>proelip,</strong></span> <span class='ocrx_word' id='word_1_383' title='bbox 1192 4033 1258 4082; x_wconf 86' lang='lat' dir='ltr'><strong>idem</strong></span> 
     </span>
     <span class='ocr_line' id='line_1_42' title="bbox 139 4093 1329 4160; baseline 0.008 -19"><span class='ocrx_word' id='word_1_384' title='bbox 139 4093 158 4142; x_wconf 91' lang='lat' dir='ltr'><strong>l.</strong></span> <span class='ocrx_word' id='word_1_385' title='bbox 170 4093 188 4142; x_wconf 93' lang='lat' dir='ltr'><strong>l.</strong></span> <span class='ocrx_word' id='word_1_386' title='bbox 200 4110 224 4144; x_wconf 85' lang='lat' dir='ltr'><strong>v.</strong></span> <span class='ocrx_word' id='word_1_387' title='bbox 238 4099 294 4147; x_wconf 74' lang='lat'><strong>786.</strong></span> <span class='ocrx_word' id='word_1_388' title='bbox 313 4137 344 4145; x_wconf 84' lang='lat'><strong>..</strong></span> <span class='ocrx_word' id='word_1_389' title='bbox 363 4113 483 4160; x_wconf 68' lang='lat' dir='ltr'><strong>acrama</strong></span> <span class='ocrx_word' id='word_1_390' title='bbox 1321 4095 1329 4101; x_wconf 81' lang='grc'><strong>’</strong></span> 
     </span>
    </p>
   </div>
   <div class='ocr_carea' id='block_1_4' title="bbox 97 4159 1056 4266">
    <p class='ocr_par' dir='ltr' id='par_1_10' title="bbox 97 4159 1056 4266">
     <span class='ocr_line' id='line_1_43' title="bbox 97 4159 1056 4266; baseline 0.003 -56"><span class='ocrx_word' id='word_1_391' title='bbox 97 4213 104 4218; x_wconf 73' lang='grc'>,</span> <span class='ocrx_word' id='word_1_392' title='bbox 174 4162 242 4223; x_wconf 73' lang='grc'><strong>510.</strong></span> <span class='ocrx_word' id='word_1_393' title='bbox 260 4161 327 4226; x_wconf 84' lang='lat' dir='ltr'><strong>dant,</strong></span> <span class='ocrx_word' id='word_1_394' title='bbox 339 4180 358 4213; x_wconf 88' lang='lat' dir='ltr'><strong>r.</strong></span> <span class='ocrx_word' id='word_1_395' title='bbox 379 4204 409 4212; x_wconf 85' lang='grc'><strong>-</strong></span> <span class='ocrx_word' id='word_1_396' title='bbox 428 4164 703 4230; x_wconf 53' lang='lat' dir='ltr'><strong>amphionem.</strong></span> <span class='ocrx_word' id='word_1_397' title='bbox 721 4165 790 4214; x_wconf 69' lang='lat' dir='ltr'><strong>annm</strong></span> <span class='ocrx_word' id='word_1_398' title='bbox 804 4159 962 4228; x_wconf 65' lang='lat' dir='ltr'><strong>pompm.</strong></span> <span class='ocrx_word' id='word_1_399' title='bbox 1038 4230 1056 4266; x_wconf 34' lang='grc' dir='ltr'><strong><em>ἢ</em></strong></span> 
     </span>
    </p>
   </div>
   <div class='ocr_carea' id='block_1_5' title="bbox 0 0 1452 4792">
    <p class='ocr_par' dir='ltr' id='par_1_11' title="bbox 0 0 1452 4792">
     <span class='ocr_line' id='line_1_44' title="bbox 0 0 1452 4792; baseline 0 0"><span class='ocrx_word' id='word_1_400' title='bbox 0 0 1452 4792; x_wconf 95' lang='lat' dir='ltr'><strong> </strong></span> 
     </span>
    </p>
   </div>
  </div>
 </body>
</html>
