2896 4792
410 291 479 337 nna.
495 290 570 336 xrx.
602 287 680 334 car.
697 288 745 334 vr.
762 287 823 333 vn.
851 284 950 333 sacr.
965 287 1047 330 aare
1220 266 1282 330 tet

163 453 270 517 autem
306 438 488 505 difficillime
516 439 640 525 apium;
677 436 926 522 quadragesimo
955 436 1039 501 enim
1061 435 1114 500 die
1136 456 1208 500 cum
1230 456 1283 500 ce-

162 544 303 620 lerrime,
336 541 603 627 quinquagesimo
635 539 754 604 maiore
781 560 821 603 ex
848 547 940 624 parte
969 536 1113 624 emergit.
1150 536 1284 620 Aliquid
1299 552 1346 597 trs

164 656 196 710 et
218 643 377 709 seminum
399 652 486 707 aetas
508 640 640 717 confert,
663 639 814 723 quoniam
830 638 970 704 recentia
980 639 1136 703 maturius
1147 638 1285 724 gignunt

164 745 198 809 in
220 766 333 830 porro,
355 743 490 831 gethyo,
514 742 655 818 cucumi,
676 739 858 818 cucurbita,
880 762 921 807 ex
943 750 1051 805 vetere
1073 750 1178 804 autem
1201 738 1283 805 cele·

165 845 233 910 rius
254 845 447 931 proveniunt
468 842 593 929 apium,
622 841 714 918 beta,
737 841 938 917 cardamum,
960 841 1082 918 cunila,
1104 840 1284 926 origanum,

166 946 378 1010 coriandrum.
410 944 533 1010 Mirum
555 945 588 1009 in
610 942 702 1008 betae
725 942 862 1019 semine3
892 942 1061 1007 nonenim
1084 952 1151 1007 tota
1172 941 1285 1007 eodem

165 1067 248 1111 anno
270 1047 424 1132 gignitur,
448 1045 504 1111 sed
525 1045 647 1129 aliquid
670 1055 834 1127 sequente,
857 1043 977 1127 aliquid
998 1054 1032 1110 et
1046 1042 1155 1120 terti03
1177 1042 1286 1127 itaque

166 1169 207 1212 ex
236 1148 328 1234 copia
361 1147 490 1214 seminis
522 1145 645 1211 modice
670 1145 821 1209 nascitur.
859 1143 1029 1226 Quaedam
1055 1166 1140 1209 anno
1162 1153 1286 1207 tantum

166 1270 225 1313 suo
238 1248 379 1334 pariunt,
400 1247 558 1332 quaedam
570 1245 710 1332 saepius,
724 1246 805 1311 sicut
815 1245 934 1331 apium,
956 1266 1098 1330 porrum,
1110 1243 1284 1330 gethyum

165 1347 244 1414 haec
265 1349 351 1413 enim
373 1349 471 1414 semel
494 1358 563 1412 sata
585 1346 733 1432 pluribus
755 1345 847 1412 annis
869 1345 1003 1411 restibili
1025 1345 1187 1410 fertilitate
1208 1364 1285 1430 pro·

165 1448 309 1513 veniunt.

208 1549 260 1613 36.
284 1547 416 1615 Semina
436 1547 593 1635 plurumis
614 1547 767 1624 rotunda,
790 1546 906 1632 aliquis
927 1545 1077 1634 oblonga,
1099 1545 1212 1632 paucis
1234 1544 1285 1611 lo-
1302 1560 1349 1608 tra

165 1647 265 1714 liaeea
287 1660 320 1714 et
339 1650 414 1728 lata,
436 1659 473 1713 ut
486 1649 634 1734 atriplici,
658 1647 850 1732 quibusdam
871 1657 1010 1733 angusta
1025 1657 1057 1711 et
1071 1644 1286 1724 canaliculato,

166 1756 202 1811 ut
223 1750 359 1815 cumino.
382 1749 547 1816 Differunt
567 1761 600 1815 et
621 1751 725 1816 colore
740 1749 834 1837 nigro
848 1748 1059 1833 candidoque,
1081 1747 1157 1813 item
1171 1745 1289 1812 duritia

81 1894 86 1906 .
168 1851 369 1927 surculaoca3
401 1850 436 1915 in
457 1851 597 1917 folliculo
620 1860 694 1916 sunt
714 1851 873 1936 raphano,
897 1850 1015 1936 sinapi,
1036 1872 1124 1935 rapo.
1156 1847 1288 1914 Nudum

167 1971 277 2016 semen
298 1951 367 2036 api,
390 1951 567 2030 coriandri,
590 1951 693 2030 aneti,
717 1951 865 2031 feniculi,
888 1952 1022 2030 cumini,
1040 1951 1163 2017 cortice
1184 1949 1287 2031 obdu·

167 2060 253 2116 ctum
280 2051 365 2131 bliti,
389 2051 500 2131 betae,
528 2051 698 2139 atripliois‚
721 2053 832 2131 ocimi,
862 2063 896 2118 at
915 2053 1047 2118 lactucis
1068 2053 1102 2117 in
1127 2051 1288 2138 lanugine.

166 2149 255 2216 Nihil
270 2153 373 2220 ocimo
383 2155 568 2231 fecundius;
591 2177 664 2221 oum
684 2153 863 2221 maledictis
884 2164 918 2219 et
930 2153 1059 2241 probris
1074 2174 1179 2219 serere
1192 2172 1288 2238 prae·
1303 2167 1352 2213 rao

167 2253 299 2337 cipiunt,
321 2264 358 2318 ut
378 2255 493 2320 laetius
511 2256 696 2341 provenien
719 2266 788 2320 sato
807 2255 938 2341 pavitur
966 2265 1066 2333 terra,
1083 2251 1289 2340 precantibus

166 2374 208 2416 ne
237 2364 340 2418 exeat.
377 2352 471 2435 Quae
492 2355 526 2419 in
548 2356 667 2421 cortice
690 2367 766 2420 sunt
800 2355 984 2422 difficillime
1010 2355 1194 2421 inarescunt
1218 2376 1288 2420 ma·

167 2473 329 2537 xumeque
351 2454 504 2533 ocimum,
529 2466 562 2520 et
582 2455 656 2521 ideo
678 2456 839 2520 siccantur
860 2457 966 2520 omnia
988 2478 1027 2521 ac
1048 2465 1122 2520 sunt
1140 2453 1287 2520 fecunda.

201 2656 291 2717 5119.
317 2657 414 2722 aliquis,
431 2675 473 2710 ac.
500 2657 626 2722 aliquibus,
644 2654 716 2724 ἀβγ.
740 2659 933 2723 Sumpsithaeo
948 2660 1015 2711 Plin.
1032 2674 1064 2710 ax
1081 2659 1211 2722 Theophr.
1229 2657 1287 2719 hist

167 2725 403 2789 plucimae.
422 2725 548 2777 coll.1V.
567 2733 643 2788 12,2.
662 2768 693 2776 ..
720 2726 864 2788 caniculam,
882 2744 904 2778 c.
928 2767 959 2777 ..
986 2726 1085 2776 cumino.
1111 2725 1246 2791 Differuut,
1263 2726 1287 2775 d.

167 2790 401 2856 mmodiiseruuta
427 2792 639 2856 cumodiiferuut,
652 2809 673 2844 c.
694 2835 724 2843 -
748 2793 966 2857 candidiorac,ac.
992 2792 1139 2853 candidiore,
1151 2795 1175 2843 d.
1195 2833 1226 2842 -
1244 2789 1288 2841 das-

167 2859 227 2908 ritia
240 2859 387 2910 surculuosu.
410 2859 448 2923 Iu,
465 2863 528 2911 aod.
555 2859 643 2910 duritie
658 2859 805 2911 surculuceu.
827 2860 866 2925 In,
882 2880 901 2913 r.
928 2861 1024 2912 duritie.
1048 2859 1193 2913 &rculocsc
1209 2859 1243 2922 iu,
1258 2855 1288 2922 β.

167 2923 262 2988 duritie,
277 2926 382 2977 mollitie.
403 2927 442 2989 Iu,
453 2929 541 2979 Dalec.
562 2969 592 2978 ..
615 2927 741 2993 raphanis,
753 2943 796 2980 ae.
815 2970 847 2979 -
869 2929 924 2994 cpi3
942 2945 989 2994 pro
1000 2930 1028 2980 h.
1039 2945 1063 2979 v.
1075 2930 1153 2979 habet
1164 2926 1248 2991 etfic,
1265 2934 1289 2976 sl

159 2992 229 3056 fita,
242 3010 293 3045 om.
306 2997 331 3045 d.
350 3035 381 3044 -
399 2993 529 3058 obductum,
542 2996 634 3046 Tacd.
652 2995 761 3059 obducta,
772 2991 824 3061 βγ.
843 3039 875 3046 -
894 3013 931 3060 uc,
942 3013 986 3048 ac.

200 3098 285 3159 5120.
304 3094 377 3146 Nibil
391 3097 483 3146 mumius
491 3095 629 3162 fecundius,
646 3099 722 3160 Pint,
740 3114 817 3163 quam
832 3100 1004 3150 coniecturam
1015 3098 1104 3148 Dalec
1121 3112 1167 3162 per
1178 3111 1288 3148 errorem

167 3162 329 3213 chiffletiano
342 3158 363 3210 θ
374 3165 493 3216 vindicat
510 3166 548 3216 At
558 3181 582 3215 v.
592 3167 725 3229 Theophr.
736 3166 754 3215 l.
766 3168 784 3216 l.
796 3165 859 3216 VII.
869 3173 894 3227 8,
904 3172 928 3217 3.
942 3207 973 3215 -
992 3173 1015 3215 et
1023 3163 1127 3229 probris,
1139 3166 1155 3214 d
1165 3162 1288 3229 (Appul.)
1316 3180 1319 3185 ’

167 3244 197 3277 oc
209 3229 314 3292 probris,
330 3226 419 3294 acdy.
439 3271 470 3280 -
492 3247 569 3280 serere
577 3232 734 3296 praecipium,
751 3233 848 3298 Appul.
873 3232 995 3282 suendum
1004 3231 1165 3296 praecipiunt,
1177 3227 1287 3295 aedssr.

168 3335 200 3344 ..
218 3302 251 3353 ut,
268 3296 365 3360 Appul.
378 3298 467 3348 Omitt.
479 3300 558 3348 acdr.
580 3338 607 3346 -
630 3298 759 3362 proveniet,
771 3317 791 3350 r.
813 3300 934 3355 Ceterum
945 3301 1021 3350 rerba
1032 3297 1154 3349 utlcetius
1161 3296 1289 3362 mcuusa‘at

167 3377 226 3411 oum
236 3357 259 3423 β
270 3366 302 3413 ad
314 3365 443 3427 superiora
457 3365 540 3424 retuli,
558 3379 616 3415 cum
661 3368 693 3416 ad
708 3368 840 3430 sequentia
855 3367 955 3417 referat.
978 3361 1046 3431 paci
1062 3361 1116 3431 γὰρ
1133 3363 1191 3414 δεῖν
1208 3380 1287 3415 κατα·

164 3426 311 3546 lidii?
322 3426 735 3563 tllltmtiittttbs
748 3429 775 3550 ⁸³²
784 3427 1289 3564 ”ilitttlltttltltb‘mt

302 3531 310 3560 r
456 3536 461 3549 ·
532 3536 538 3550 ·
733 3536 740 3561 r
769 3537 776 3549 ·

167 3565 244 3614 ritum
259 3567 292 3615 ad
307 3567 416 3617 ocimum
432 3565 557 3627 reseranti,
576 3581 633 3616 eum
649 3567 843 3632 Theophrastus
859 3569 877 3617 l.
888 3568 906 3617 l.
917 3575 944 3618 et
959 3569 1007 3620 IX.
1020 3575 1044 3629 8,
1057 3574 1081 3619 8.
1098 3567 1125 3618 id
1136 3569 1169 3617 de
1180 3583 1232 3617 uno
1244 3581 1288 3616 cu·

168 3632 237 3680 mino
250 3635 394 3695 narraverit,
411 3636 487 3685 verba
497 3634 578 3684 Persii
589 3640 613 3696 4,
626 3639 666 3684 22.
690 3632 804 3683 discincto
819 3634 953 3684 mutaverit
967 3634 1045 3684 ocimu
1059 3650 1146 3684 aarum
1162 3633 1288 3684 calculum

168 3699 296 3748 adiiciunt.
315 3741 347 3748 -
370 3701 530 3764 praesulibus,
546 3701 643 3766 Appul.
669 3698 705 3749 ud
718 3701 864 3751 cacuminum
880 3701 922 3765 qui
937 3709 1019 3751 serunt
1030 3709 1167 3766 praecatur,
1182 3701 1227 3750 ad.
1254 3696 1290 3748 ud

168 3764 299 3812 mammam
311 3767 353 3828 qui
363 3775 443 3816 seruat
451 3776 588 3831 prematur,
600 3783 622 3817 c.
643 3766 679 3816 Et
693 3769 809 3818 cuminum
824 3769 867 3832 qui
877 3777 958 3818 seruat
964 3777 1101 3833 precantur,
1113 3765 1163 3831 dr.
1185 3767 1289 3818 Liberat

169 3831 195 3878 h.
207 3832 225 3879 l.
241 3832 338 3910 Appul.
353 3835 464 3884 Plinium
481 3850 575 3898 magna
590 3835 715 3899 foedaque
731 3837 937 3900 interpolatione,
956 3852 1021 3901 quae
1035 3836 1104 3887 lacta
1119 3842 1158 3885 cst
1173 3848 1219 3898 per
1234 3847 1287 3896 coa,

168 3912 212 3959 qm
228 3908 395 3948 meminerant
410 3901 486 3951 ritum
501 3903 573 3953 illum
590 3904 792 3967 superstitiosum
808 3920 824 3954 a
838 3904 923 3955 Plinio
941 3905 1026 3954 ocimo
1043 3904 1163 3953 tributum
1174 3917 1191 3950 a
1201 3901 1287 3951 Theo·

168 3965 272 4027 phrasto
292 3967 395 4016 cumino
416 3968 497 4018 tribui.
528 3971 602 4019 Hanc
625 3971 742 4021 notitiam
762 3988 778 4022 a
797 3972 899 4021 librario
924 3971 1011 4034 aliquo
1032 3969 1140 4033 margini
1159 3968 1287 4032 appictum

168 4039 259 4094 postea
273 4032 299 4080 in
316 4032 397 4096 ipsam
413 4036 553 4084 orationem
570 4045 727 4101 receperunt,
742 4040 769 4088 in
786 4055 836 4102 qua
853 4040 1010 4089 emendanda
1027 4037 1119 4087 frustra
1134 4037 1288 4086 desudarunt

168 4100 235 4148 Pint.
253 4107 278 4148 et
295 4098 399 4151 (iomar.
416 4103 449 4150 ad
464 4102 580 4153 Dioscor.
597 4109 691 4165 2127.
714 4146 738 4154 -
773 4106 848 4168 Quae,
865 4109 908 4156 cd.
935 4110 988 4168 quo,
1000 4121 1023 4154 a.
1049 4107 1096 4167 qu,
1112 4103 1145 4153 D.
1164 4143 1195 4152 -
1223 4117 1287 4152 rsur-

168 4174 267 4243 ccscuut‚
279 4182 301 4216 a.
321 4207 351 4216 ..
371 4164 431 4229 idm,
443 4169 469 4218 D
477 4171 495 4217 ².
516 4166 661 4233 idforaiciu,
672 4174 718 4222 D'.
737 4171 764 4221 id
766 4175 814 4236 sor
824 4172 916 4233 siclum,
929 4187 952 4222 a.
975 4169 1003 4219 id
1004 4169 1138 4235 justitium,
1150 4171 1174 4221 d.
1191 4167 1287 4234 adsor-

167 4241 234 4295 utic,
246 4248 267 4282 c.
290 4233 350 4298 pilli,
362 4228 413 4300 dr.
438 4235 556 4300 Syllabas
564 4237 612 4300 sor
627 4239 704 4302 atses
720 4247 851 4306 corruptae
868 4247 928 4292 sunt
943 4253 976 4290 ex
987 4254 1027 4303 sc,
1045 4246 1072 4290 at
1082 4236 1151 4301 ticio,
1165 4236 1288 4290 aanor
