2896 4792
192 259 254 323 208
544 272 748 319 sarnanum
771 271 966 319 rusuomsn

192 421 447 490 adsectatoribus
468 420 606 486 Athenis
628 423 703 488 fecit
726 423 836 488 eadem
859 422 991 488 ratione.
1014 421 1119 486 Tanta
1137 424 1315 490 litterarum

191 525 315 593 occasio
338 534 402 601 est,
426 546 506 608 quas
528 523 677 606 equidem
700 524 841 589 miscebo
856 524 1040 612 agrestibus
1057 525 1196 611 negotiis
1219 548 1315 610 quam

191 640 301 713 potero
323 624 462 692 dilucide
484 634 578 708 atque
600 625 781 710 perspicue.
807 625 958 709 Plerique
980 625 1091 690 dixere
1114 648 1219 690 rorem
1240 628 1313 693 inu·
1328 642 1377 690 ars

190 740 275 796 stum
299 729 364 793 sole
386 727 453 793 acri
473 724 621 815 frugibus
644 726 802 814 robiginis
826 750 956 792 causam
983 749 1053 792 esse
1075 738 1107 791 et
1129 729 1314 797 carbunculi

189 830 326 909 vitibus,
355 827 441 912 quod
465 850 504 892 ex
527 838 618 913 parte
640 828 759 893 falsum
780 827 917 893 arbitror
938 850 1128 913 omnemque
1147 831 1314 896 uredinem

188 934 310 1020 frigore
339 938 462 993 tantum
490 939 652 1008 constare,
688 930 754 994 sole
784 929 923 994 innoxio.
960 929 1000 992 Id
1029 929 1235 995 manifestum
1257 932 1314 997 fiet

188 1030 438 1101 attendentibus.
474 1028 558 1094 Nam
586 1031 725 1116 primum
753 1030 896 1096 omnium
924 1052 988 1096 uon
1018 1029 1078 1096 hoc
1101 1033 1228 1098 evenire
1250 1034 1332 1098 nisi

188 1134 338 1202 noctibus
368 1143 400 1198 et
426 1142 500 1196 ante
528 1132 603 1197 solis
632 1132 778 1198 ardorem
800 1131 1052 1218 deprehenditur
1074 1143 1240 1218 totumque
1261 1135 1312 1199 lu-

188 1237 259 1303 nari
276 1234 399 1299 ratione
415 1243 556 1311 constat,
579 1233 731 1317 quoniam
753 1232 825 1297 talis
847 1232 964 1297 iniuria
984 1255 1048 1299 non
1071 1234 1107 1298 fit
1127 1234 1189 1300 nisi
1211 1236 1312 1302 inter-

187 1337 275 1404 lunio
303 1337 438 1421 plenave
467 1335 544 1399 luna
570 1332 631 1399 hoc
658 1345 705 1399 est
733 1334 954 1420 praevalente3
989 1345 1124 1418 utroque
1147 1337 1232 1401 enim
1253 1337 1312 1402 ha·

188 1439 259 1505 bitu
286 1437 383 1524 plena
409 1446 475 1513 est,
508 1448 542 1500 ut
577 1435 706 1521 saepius
736 1436 891 1515 diximus,
927 1436 983 1500 sed
1016 1436 1187 1503 interlunio
1219 1462 1312 1505 omne

186 1541 296 1607 lumen
319 1537 406 1622 quod
429 1561 447 1600 a
470 1536 535 1601 sole
557 1538 684 1622 accepit
705 1538 793 1603 caelo
814 1536 944 1624 regerit.
980 1536 1175 1603 Differentia
1194 1541 1311 1605 utrius·
1326 1555 1375 1602 ass

186 1665 249 1728 que
276 1639 407 1706 habitus
437 1661 555 1727 magna
586 1639 643 1704 sed
669 1638 855 1716 manifesta3
889 1661 1027 1732 namque
1056 1640 1228 1706 interlunio
1255 1663 1310 1706 ae-

158 1752 162 1761 '
188 1755 271 1811 state
293 1740 486 1808 calidissima
508 1751 573 1817 est,
602 1739 707 1806 hieme
729 1739 852 1825 gelida3
883 1741 1049 1807 ediverso
1077 1741 1110 1806 in
1136 1742 1312 1826 plenilunio

187 1855 309 1911 aestate
329 1841 463 1927 frigidas
485 1840 563 1905 facit
583 1841 705 1919 noctis,
734 1841 838 1906 bieme
861 1842 996 1926 tepidas.
1031 1840 1140 1909 Causa
1168 1842 1310 1921 evidens,

188 1947 245 2012 sed
267 1944 329 2008 alia
350 1942 536 2006 redditura
557 1940 702 2006 Fabiano
726 1938 923 2026 Graecisque
945 1943 1138 2010 auctoribus.
1176 1945 1311 2010 Aestate
1324 1959 1373 2006 277

187 2049 271 2114 euim
292 2043 463 2110 interlunio
485 2065 616 2108 necesse
639 2053 689 2108 est
710 2066 783 2107 cum
804 2043 872 2109 sole
894 2044 987 2110 nobis
1014 2068 1171 2131 proxumo
1193 2037 1311 2110 circulo

187 2159 312 2226 currat,
345 2146 420 2232 igne
449 2144 519 2210 eius
546 2144 713 2210 conminus
734 2155 865 2230 recepto
887 2145 1045 2222 candens,
1075 2133 1188 2210 eadem
1209 2147 1309 2211 inter-

186 2250 273 2317 lunio
295 2247 381 2312 absit
402 2246 522 2322 hieme,
555 2245 706 2329 quoniam
734 2244 879 2311 abscedit
901 2256 934 2310 et
957 2248 1018 2321 sol;
1052 2246 1129 2311 item
1149 2246 1183 2310 in
1204 2247 1309 2333 pleni-

186 2352 274 2419 lunio
295 2349 417 2414 aestivo
439 2349 551 2432 procul
572 2346 665 2412 abeat
687 2347 822 2412 adversa
844 2346 919 2424 soli,
941 2346 1045 2412 hieme
1068 2360 1174 2412 autem
1195 2349 1236 2412 ad
1250 2371 1310 2414 nos

186 2476 245 2542 per
269 2451 424 2517 aestivom
452 2449 604 2515 circulum
632 2448 775 2513 accedat.
812 2448 902 2537 Ergo
926 2470 987 2534 per
1016 2471 1051 2514 se
1076 2450 1202 2514 roscida
1228 2471 1309 2534 quo·
1380 2478 1382 2483 ’

186 2555 269 2621 tiens
290 2553 392 2641 alget,
414 2550 573 2615 infinitum
596 2559 749 2633 quantum
770 2549 824 2615 illo
847 2561 990 2635 tempore
1013 2550 1155 2615 cadentis
1176 2551 1309 2636 pruinas

187 2655 345 2744 congelat.

229 2758 280 2821 69.
313 2754 399 2818 Ante
422 2751 528 2817 omnia
548 2762 654 2817 autem
682 2753 746 2816 duo
768 2775 887 2838 genera
914 2775 985 2818 esse
1007 2752 1155 2817 caelestis
1176 2751 1309 2817 iniuriae
1323 2767 1373 2815 aas

186 2856 368 2923 meminisse
397 2853 568 2930 debemus,
601 2876 702 2918 unum
730 2854 815 2938 quod
842 2863 1049 2940 tempestates
1076 2875 1242 2932 vocamus,
1275 2853 1309 2916 in

186 2957 303 3042 quibus
324 2954 515 3043 grandines,
545 2953 702 3041 procellae
730 2965 898 3039 ceteraque
926 2955 1040 3020 similia
1062 2955 1308 3042 intelleguntur3

187 3079 270 3141 quae
292 3079 366 3122 cum
386 3055 562 3141 plenilunio
581 3056 770 3135 acciderint,
792 3057 825 3122 vi
845 3057 964 3122 maiore
986 3056 1193 3142 inpelluntur.
1216 3055 1309 3121 Haec

220 3228 290 3290 notra,
302 3230 354 3280 Τὰ

249 3317 306 3364 275.
325 3312 384 3376 ucri,
396 3315 500 3365 Barbar.
514 3316 538 3366 d.
556 3315 618 3380 cyri,
630 3332 653 3365 a.
664 3356 694 3365 -
706 3314 749 3378 fit,
763 3317 787 3365 d.
805 3316 844 3379 rit,
856 3332 879 3366 a.
899 3357 928 3365 ..
945 3313 1069 3380 plenavel
1078 3331 1133 3374 unu,
1146 3331 1168 3364 a.
1187 3355 1218 3362 -
1236 3329 1309 3376 prae·

187 3398 203 3430 o
258 3389 298 3443 tes,
310 3397 333 3431 a.
349 3381 517 3446 mucculentis,
529 3386 553 3433 d.
571 3425 602 3433 -
622 3382 716 3447 cambit,
728 3401 748 3433 r.
767 3425 799 3433 -
821 3382 916 3448 repit-et,
929 3400 952 3435 a.
970 3391 1084 3448 reparent,
1096 3385 1120 3432 d.
1137 3388 1241 3446 regyrat,
1254 3398 1273 3430 r.

221 3464 307 3528 §ata
332 3464 438 3526 esdad.
461 3474 491 3528 et,
503 3469 536 3518 K.
556 3508 586 3516 -
609 3466 898 3528 calidissima-aestate,
911 3484 961 3518 orn.
975 3469 998 3517 d.
1024 3508 1053 3516 -
1081 3464 1271 3531 pelidediverso,
1284 3480 1307 3514 a.

187 3532 370 3592 commoriar.
390 3574 421 3583 -
439 3532 498 3596 alia,
511 3551 533 3584 a.
552 3532 693 3598 ultraquam,
706 3536 759 3586 Τὰ.
777 3577 808 3585 -
820 3534 931 3597 favoni),
944 3551 967 3583 a.

221 3620 236 3682 ᾗ
249 3619 306 3668 277.
324 3616 457 3676 command,
469 3619 505 3666 ab
518 3658 549 3667 ..
569 3617 657 3681 eodm,
670 3622 715 3671 ad.
733 3617 869 3682 eodemque,
877 3613 928 3682 βγ.
943 3659 974 3668 ..
987 3613 1046 3680 q¹¹m,
1056 3619 1080 3667 d.
1098 3620 1152 3679 qud,
1162 3632 1184 3666 a.
1204 3614 1308 3678 quando,

188 3680 239 3750 βγ.
259 3725 290 3734 ..
309 3683 363 3734 itam
375 3685 407 3746 in,
420 3686 494 3735 Tad.
512 3684 574 3746 item,
587 3681 637 3750 βγ.
656 3729 687 3736 -
706 3685 805 3748 accedit,
818 3687 871 3737 Td.

221 3771 306 3834 §m
331 3783 428 3833 panon,
444 3772 488 3820 ad.
516 3768 618 3828 nomino,
635 3773 716 3821 schol.
734 3771 853 3822 Gennan.
879 3809 905 3817 ..
932 3766 1070 3832 plenaluniu,
1087 3770 1168 3819 schol.
1187 3768 1306 3818 German.

188 3836 277 3888 Omitt.
290 3833 382 3900 adssr.
396 3878 427 3886 -
447 3836 472 3886 vi
482 3836 571 3886 maiore
583 3836 740 3900 impelluntur,
752 3854 765 3888 r
777 3837 871 3901 (schol.
883 3835 1018 3899 German.)
1035 3835 1071 3884 vis
1079 3836 1155 3885 mador
1164 3834 1307 3900 appellatur,

187 3899 278 3967 adssr.
305 3904 373 3954 Illud
389 3904 534 3969 praeferunt
545 3906 663 3956 Torreat.
681 3909 712 3956 ad
723 3906 814 3956 Horat.
832 3920 908 3956 carm
920 3903 941 3953 Ι.
954 3910 995 3965 25,
1009 3909 1048 3954 ll.
1067 3913 1092 3954 et
1103 3906 1247 3955 Pontedera
1263 3920 1306 3954 an·

187 3971 280 4035 riquira
292 3987 317 4035 p.
329 3978 387 4022 sco.
1246 3978 1249 3983 ⁴

220 4040 307 4103 §ata
332 4039 427 4099 saenis,
445 4041 527 4090 schol.
539 4040 658 4092 German.
682 4080 709 4089 -
737 4038 909 4104 suatpublrba3
926 4047 1133 4105 atmapnaesunt
1150 4042 1231 4091 schol.
1244 4040 1307 4090 Ger-

186 4121 254 4156 man.
276 4114 332 4154 aaut
344 4105 453 4169 publium
463 4107 507 4158 sed
517 4116 540 4156 et
550 4102 659 4172 mopsos,
674 4108 727 4157 Ta.
745 4113 807 4157 suot.
818 4104 921 4158 Publica
932 4105 990 4156 baec
1001 4107 1028 4157 id
1039 4116 1062 4157 at
1073 4124 1182 4172 magnae,
1195 4125 1217 4158 a.
1244 4114 1305 4156 sunt.

186 4171 291 4222 Publica
302 4171 360 4221 bueo
372 4181 395 4221 et
405 4191 513 4239 magnae,
525 4171 575 4240 βγ.
590 4215 620 4224 ..
638 4171 776 4234 caniculam,
786 4178 823 4226 ad
832 4173 940 4238 (Rigalt.
950 4191 990 4239 ap
1001 4176 1109 4227 Salmas.
1120 4190 1202 4225 exerc.
1212 4192 1237 4239 p.
1247 4181 1305 4224 308.

186 4240 210 4288 b.
223 4237 268 4300 a.)
294 4238 435 4303 mamalum,
453 4240 509 4293 libri
528 4243 616 4308 optimi
635 4258 674 4306 ap.
687 4241 798 4292 Tumeb.
817 4245 874 4292 adv.
887 4248 927 4304 2⁴,
940 4250 989 4303 ³3,
1006 4245 1075 4306 quod
1092 4244 1184 4306 probat
1196 4242 1304 4293 Salmas.
