2896 4792
397 260 467 309 nm.
484 262 587 309 svm.
615 259 693 309 oss.
709 260 761 309 111.
777 261 826 313 tv.
856 259 953 307 sncr.
970 263 988 303 s.
1004 262 1021 304 s.
1217 244 1277 309 143

119 436 127 455 ³
191 412 223 479 b.
251 409 357 499 Igitur
378 412 420 477 de
442 412 567 477 cultura
586 411 657 499 agri
678 411 864 497 praecipere
885 410 1063 497 principale
1093 410 1155 475 ruit
1177 411 1273 476 etiam
1288 429 1322 472 ss

148 515 241 599 apud
262 512 409 592 exteros,
439 514 598 597 siquidem
619 524 652 578 et
671 535 767 600 reges
787 513 910 589 fecere,
938 509 1057 589 Hiero,
1080 510 1275 579 Philometor

150 614 299 693 Attalus,
331 614 526 692 Archelaus,
559 624 592 679 et
619 614 718 679 duces
746 612 935 697 Xenophon
963 624 996 678 et
1022 612 1154 679 Poenus
1177 612 1274 681 etiam

148 713 270 801 Mago,
302 714 355 779 cui
382 715 511 798 quidem
540 726 663 779 tantum
691 714 844 779 honorem
872 726 1003 783 mustus
1032 724 1142 779 noster
1162 712 1274 779 habuit

150 813 349 903 Cartlrsgiue
371 826 467 900 capta
487 827 538 894 ut,
561 838 634 881 cum
656 815 777 903 regulis
792 813 926 881 Africae
947 812 1157 880 bibliothecae
1171 813 1273 879 dona·

147 927 214 994 ret,
240 916 339 981 unius
365 917 434 982 eius
455 915 696 1001 duodetriginta
717 915 880 981 volumina
901 927 1047 980 censeret
1068 915 1101 979 in
1122 913 1274 981 Latinam

145 1016 293 1105 linguam
319 1014 558 1093 transferenda,
587 1036 660 1083 cum
688 1016 753 1081 ism
778 1015 826 1080 M.
852 1013 936 1081 Cato
962 1024 1134 1101 praecepta
1161 1014 1273 1081 condi·

148 1116 267 1196 disset,
296 1116 475 1203 peritisque
500 1116 625 1183 Punice
652 1117 793 1183 dandum
821 1114 1003 1203 negotium,
1032 1114 1067 1179 in
1094 1138 1157 1199 quo
1179 1138 1273 1202 prae·

150 1218 250 1285 cessit
276 1217 380 1285 omnis
400 1218 450 1283 vir
470 1218 666 1285 clarissimae
688 1216 828 1283 familiae
849 1215 894 1280 D.
918 1213 1060 1282 Silanus.
1089 1213 1273 1302 Sapientiae
1287 1233 1320 1279 se

148 1341 227 1385 uero
254 1328 400 1387 auctores
428 1328 461 1385 et
482 1317 676 1385 carminibus
698 1316 883 1383 excellentis
903 1316 1025 1400 quique
1046 1316 1101 1381 alii
1121 1317 1274 1385 inlustres

147 1420 210 1486 viri
226 1419 497 1506 composuissent,
520 1442 600 1504 quos
616 1440 802 1502 sequemur,
823 1416 1064 1502 praetexuimus
1084 1416 1193 1483 hocin
1214 1441 1272 1485 vo·

148 1521 282 1599 lumine,
310 1543 376 1586 non
396 1521 429 1584 in
459 1543 561 1607 grege
589 1518 782 1587 nominando
808 1516 856 1583 M.
884 1517 1031 1583 Varrone
1057 1517 1113 1600 qui
1141 1528 1272 1604 octoge-

150 1623 266 1689 simum
297 1621 437 1708 primum
469 1620 552 1685 vitae
584 1642 704 1685 anuum
735 1640 836 1707 agene
868 1618 910 1684 de
941 1641 980 1684 ea
1006 1640 1042 1685 re
1070 1619 1271 1704 prodendum

148 1710 285 1810 puniit.
1047 1752 1061 1777 ο
1140 1740 1147 1751 ·

190 1823 252 1891 IV.
274 1824 376 1910 Apud
390 1823 553 1889 Romanos
567 1821 667 1889 multo
681 1821 781 1887 serior
796 1819 909 1885 vitium
930 1820 1056 1885 cultura
1075 1842 1147 1887 esse
1166 1819 1272 1908 eoepit
1285 1837 1318 1883 se

147 1925 333 2010 primoque,
354 1937 391 1991 ut
412 1945 544 1991 necesse
566 1934 653 2002 erat,
674 1944 754 1989 arva
776 1932 900 1989 tantum
922 1921 1066 2000 coluere,
1094 1943 1272 2005 quorume

147 2023 241 2091 nobis
268 2048 356 2091 nuuc
380 2025 463 2091 ratio
490 2023 678 2091 tractabitur
706 2045 770 2088 non
798 2021 923 2110 volgari
950 2022 1045 2089 modo
1072 2045 1201 2104 verum,
1234 2034 1271 2091 ut

148 2126 254 2193 adhuc
267 2127 418 2204 fecimus,
442 2138 473 2193 et
494 2126 631 2191 vetustis
653 2135 686 2190 et
706 2134 820 2210 postea
837 2122 977 2189 inventis
996 2123 1083 2187 omni
1104 2145 1181 2189 cura
1194 2147 1270 2210 per.

148 2226 277 2311 quisitis
296 2250 459 2312 causaque
479 2249 588 2293 rerum
607 2237 640 2291 et
661 2226 783 2291 ratione
806 2223 901 2293 simul
921 2235 1024 2289 eruta.
1058 2224 1221 2293 Dicemus
1237 2236 1271 2291 et

147 2328 255 2395 sidera
277 2328 483 2413 siderumque
505 2328 650 2415 ipsorum
672 2325 835 2393 terrestria
856 2325 950 2410 signa
969 2323 1118 2392 dabimus
1138 2325 1270 2393 indubi-

147 2440 232 2508 tan,
253 2430 512 2514 quandoquidem
534 2429 589 2512 qui
610 2428 715 2495 adhuc
728 2426 916 2513 diligentius
936 2449 976 2492 ea
998 2439 1175 2494 tractavere
1195 2427 1269 2512 qui·

146 2529 257 2597 bavis
278 2530 388 2617 potius
409 2554 505 2615 quam
526 2529 674 2617 agricolis
696 2528 864 2615 scripsisse
884 2541 1020 2614 posstmt
1040 2528 1152 2595 videri.

145 2737 177 2787 ob
188 2735 225 2786 ln‘s
236 2738 252 2787 i.
264 2752 287 2788 e.
300 2738 377 2789 servis
388 2737 516 2788 vilissimis
527 2743 618 2800 sumpm
635 2737 651 2786 i.
664 2751 686 2786 a
698 2743 814 2800 recepto,
832 2737 902 2800 quod
918 2736 1008 2787 eodem
1024 2736 1077 2786 iure
1093 2735 1197 2794 dicitur,
1216 2748 1267 2801 quo

146 2803 247 2854 hborem
259 2820 348 2853 sumere
360 2805 424 2855 dixit
433 2804 525 2855 Caesar
536 2805 595 2854 bell.
606 2803 674 2855 Gall.
684 2810 708 2864 3,
720 2810 759 2854 14.
777 2803 815 2853 At
825 2818 878 2855 non
891 2809 939 2850 tam
952 2811 990 2852 est
1001 2804 1077 2853 surda
1088 2810 1161 2863 terra,
1173 2808 1202 2851 ut
1213 2816 1267 2852 cre·

145 2874 203 2922 dere
216 2873 316 2932 debeas,
327 2886 384 2922 eam
395 2873 481 2936 ipsam
494 2872 611 2921 iniuriam
624 2873 672 2922 sibi
684 2871 781 2922 illatam
792 2886 846 2921 non
856 2871 954 2922 sentire.
977 2871 1011 2920 Et
1023 2885 1081 2920 vere
1095 2870 1178 2930 scutit,
1196 2870 1267 2932 quod

144 2941 289 2991 miseriam
300 2939 401 3003 hugum
413 2946 550 3004 proventus
561 2941 644 2989 docet.
664 2981 695 2988 -
714 2937 793 3003 nauita,
805 2955 829 2989 a.
847 2980 878 2989 ..
897 2935 1044 3003 indignante,
1061 2940 1096 2988 its
1108 2952 1154 2989 nos
1166 2937 1266 3001 scripsi-

115 3022 122 3035 ⁶
144 3022 209 3056 mus.
232 3005 362 3070 indignate,
375 3000 403 3056 θ.
427 3004 619 3070 ιἠᾱίρηαῑα,ἀγ.
643 3005 750 3071 indique,
763 3007 815 3056 Ta.
833 3000 1077 3070 indzpneserentass.
1096 3046 1127 3055 ..
1146 3003 1266 3066 medone,

144 3075 175 3124 T.
193 3072 329 3133 cudentur,
340 3077 364 3124 d.
382 3081 499 3133 nwmur,
511 3089 535 3123 s.
553 3114 585 3124 ..
596 3074 707 3136 fuerunt,
718 3090 739 3124 r.

176 3159 191 3220 ξ
204 3164 245 3207 22.
263 3156 408 3207 Pbslometor
419 3155 524 3219 Attalus,
537 3157 619 3208 Strsb.
634 3164 672 3208 13.
684 3173 709 3221 p.
720 3163 787 3219 624„
799 3158 929 3208 Plutarch.
941 3159 998 3209 Tib.
1012 3157 1120 3209 Graech.
1135 3162 1175 3207 1⁴.
1187 3155 1266 3209 Gom·

142 3233 211 3273 matc
219 3226 367 3288 interposito
379 3226 444 3275 duos
456 3226 516 3274 hinc
527 3225 595 3274 viros
607 3224 704 3274 faciunt
713 3219 764 3288 βγ.
776 3266 807 3273 -
825 3223 927 3288 regulus,
939 3241 962 3274 a.
973 3265 1004 3274 ..
1022 3241 1089 3285 unus,
1101 3225 1167 3274 d...
1187 3231 1265 3274 nasa

134 3289 248 3353 serendo,
259 3294 303 3342 ad.
322 3332 354 3342 ...
372 3292 472 3352 Ριιηίοο,
484 3292 566 3341 TDa.
591 3289 686 3355 liupana
696 3291 812 3353 Eunicus,
825 3294 842 3341 d
854 3289 956 3354 (Ambr.
969 3291 990 3341 I.
1001 3289 1051 3353 II.)
1062 3287 1114 3356 βγ.
1133 3332 1165 3341 ..
1182 3291 1227 3352 uir,
1239 3294 1264 3343 d.

142 3357 223 3420 uuus,
235 3374 258 3409 a.

176 3448 190 3509 5
203 3457 244 3500 23.
262 3448 411 3513 Sapientiae,
422 3452 506 3501 DKs.
524 3449 657 3514 Sapientes,
670 3452 686 3500 d
702 3447 786 3512 (codd.
798 3448 869 3512 Gel.)
880 3445 931 3514 βγ.
943 3491 974 3500 -
987 3457 1094 3499 auctores
1105 3456 1128 3498 et
1138 3450 1263 3512 menne,-

141 3515 277 3567 excellentes
291 3517 378 3581 quique
389 3516 547 3566 attinuere
557 3516 613 3578 viri,
628 3519 680 3567 D'2.
698 3518 785 3567 Omitt.
797 3519 878 3568 D'sd
895 3516 982 3579 (codd.
996 3514 1067 3580 Gel.)
1080 3513 1131 3582 βγ.
1151 3559 1183 3569 ..
1201 3534 1262 3569 cont·

139 3582 279 3646 posuissent,
289 3584 397 3635 DKad.
421 3583 561 3648 complures,
579 3587 651 3635 codd.
665 3585 721 3636 Gel.
733 3579 785 3648 βγ.
804 3625 836 3634 ..
859 3601 988 3648 sequanus,
1006 3586 1042 3636 its
1052 3601 1099 3636 nos
1111 3587 1262 3655 scripsimus.

140 3658 274 3715 sequentur,
285 3667 308 3700 a.
325 3651 451 3715 sequimur,
462 3653 496 3702 K
518 3668 673 3716 sequeremur,
685 3654 759 3715 Ter.
781 3660 908 3715 sequentes,
921 3653 995 3702 codd.
1008 3653 1064 3704 Gel.
1076 3648 1105 3714 β.
1124 3693 1156 3703 ..
1175 3651 1218 3703 nos
1229 3651 1262 3714 in,

141 3719 243 3768 TKad.
261 3717 286 3766 in
298 3717 348 3779 hoe,
359 3715 388 3780 β.
401 3761 433 3768 -
452 3719 477 3768 in
486 3735 566 3785 yreye,
578 3720 654 3770 DTd
665 3719 751 3783 (codd.
761 3717 854 3781 Turn.)
871 3718 973 3784 ingrate,
986 3715 1056 3784 sssr.
1074 3721 1108 3770 V.
1116 3719 1171 3770 Cic.
1183 3720 1261 3771 Rosc.

139 3784 229 3835 Amen.
238 3793 279 3846 82,
290 3792 330 3836 89.
348 3785 373 3835 t'n
380 3802 451 3851 grege
463 3802 609 3836 annumerer.
622 3828 654 3836 ..
672 3786 841 3853 mmpesimurn,
849 3787 906 3837 Dd.
925 3786 1114 3853 unanimum,
1125 3787 1215 3839 Ambr.
1225 3785 1260 3835 11.

139 3852 367 3916 repausaretur
379 3853 480 3916 (Ambr.
492 3851 527 3917 Ι.)
544 3852 721 3917 LXXXXI.‚
733 3869 756 3904 a.
774 3855 809 3904 V.
821 3855 895 3904 Vsrr.
908 3857 939 3905 de
950 3869 978 3904 re
988 3863 1050 3906 rust.
1062 3853 1083 3903 L
1098 3859 1120 3914 1,
1135 3859 1157 3902 1.

171 3947 241 4009 524.
262 3944 397 4008 mluerad.
423 3945 541 4007 coleras.
561 3987 593 3997 ..
618 3963 636 3999 a
651 3946 725 4009 nobis,
741 3938 812 3998 fiad.
839 3945 913 4007 nobis,
928 3941 981 4010 βγ.
1003 3961 1119 3998 ...nunc
1132 3945 1259 4006 rnnasd.

138 4013 200 4062 ratio
211 4029 279 4073 nunc,
291 4009 342 4077 βγ.
361 4054 393 4064 ..
413 4013 618 4077 morbidam.
637 4055 668 4065 ..
692 4012 794 4077 erudito,
806 4029 827 4064 r.
847 4054 876 4063 -
901 4013 1074 4074 Dicimunsd.
1093 4053 1125 4063 -
1144 4011 1258 4076 quiem.

137 4079 366 4209 {lius-biduanum
377 4097 450 4143 aaa.
473 4078 743 4148 sediliomtius,dssr.
762 4123 793 4133 ,.
811 4081 1023 4146 outbusuiaTad.
1046 4077 1258 4144 quibuwuom
