2896 4792
198 263 262 327 394
550 275 755 324 usruaunrs
777 276 972 324 mercarer.

198 432 232 494 in
254 429 293 494 iia
312 427 412 493 caulis
435 429 523 514 prior
542 426 741 513 intellegitur
760 447 857 513 quam
872 427 999 504 folium3
1024 437 1056 493 et
1076 428 1110 493 in
1126 450 1222 494 croco
1246 429 1325 513 qui·

199 531 273 597 dem
294 528 353 595 flos
374 527 538 615 inpellitur
560 529 667 606 caule,
700 528 733 592 in
756 527 847 593 scilla
867 551 944 594 vero
966 529 1065 593 caulis
1088 528 1169 608 exit,
1205 528 1332 595 deinde

196 654 238 696 ex
259 652 297 696 eo
315 629 374 696 flos
390 630 540 718 emergit,
552 630 726 714 eademque
746 640 794 694 ter
807 627 908 707 floret,
930 641 967 694 ut
981 630 1132 707 diximus,
1157 629 1220 694 tria
1237 641 1327 696 tem·

199 754 279 818 pora
299 733 476 817 arationum
499 732 679 798 ostendens.

243 835 293 898 67.
320 832 499 897 Bulborum
526 833 637 919 generi
665 832 796 914 quidam
823 832 1035 896 adnumerant
1066 843 1099 896 et
1126 833 1233 919 cypin'
1264 834 1330 900 hoc
1347 850 1394 895 ror

199 945 248 1001 est
269 934 398 1022 gladioli
421 934 580 1011 radicem3
614 933 718 998 dulcis
744 955 783 998 ea
809 943 859 999 est
887 944 919 998 et
944 954 1028 1017 quae
1050 933 1182 999 decocta
1202 957 1328 1020 panem

198 1036 295 1101 etiam
315 1036 487 1121 gratiorem
507 1035 603 1099 faciat
617 1034 943 1120 ponderosioremque
966 1034 1061 1100 simul
1082 1033 1226 1100 subacta.
1251 1035 1329 1102 Non

198 1136 364 1201 dissimilis
385 1147 434 1201 est
456 1146 487 1199 et
507 1156 589 1220 quae
612 1135 737 1200 thesion
759 1146 908 1213 vocatur,
931 1145 1031 1221 gustu
1051 1157 1176 1221 aspera.

243 1238 294 1301 68.
318 1236 456 1302 Ceterae
486 1237 630 1302 eiusdem
658 1237 787 1323 generis
812 1237 889 1301 folio
918 1237 1071 1301 differunt
1078 1261 1087 1312 ;
1120 1237 1327 1320 asphodelus
1345 1255 1393 1300 roa

198 1338 373 1426 oblongum
394 1349 426 1402 et
443 1348 618 1424 angustum
640 1337 747 1415 habet,
770 1338 859 1403 scilla
879 1338 978 1402 latum
1000 1349 1033 1401 et
1052 1336 1228 1415 tractabile,
1252 1338 1329 1427 gla-

136 1460 138 1465 ·
199 1440 302 1506 diolus
325 1441 427 1506 simile
448 1441 578 1505 nomini.
612 1439 819 1527 Asphodelus
841 1439 1004 1503 manditur
1031 1449 1063 1503 et
1085 1437 1208 1504 semine
1239 1449 1329 1504 tosto

200 1552 232 1607 et
253 1541 369 1622 bulbo,
399 1543 456 1608 sed
478 1541 594 1608 hocin
616 1542 722 1607 cinere
745 1551 844 1620 tosto,
868 1540 943 1606 dein
965 1541 1030 1605 sale
1051 1551 1084 1604 et
1104 1539 1175 1604 oleo
1197 1540 1327 1620 addito,

199 1652 364 1729 praeterea
393 1654 488 1708 tunso
515 1666 587 1708 cum
614 1643 700 1720 ficis,
732 1643 906 1728 praecipua
932 1643 1110 1728 voluptate,
1132 1650 1168 1705 ut
1190 1641 1329 1745 videtur

199 1744 355 1810 Hesiodo.
389 1745 537 1809 Tradunt
565 1755 598 1808 et
623 1755 696 1808 ante
722 1754 832 1829 portas
861 1743 1010 1808 villarum
1045 1753 1150 1808 satum
1176 1744 1329 1808 remedio

198 1866 271 1910 esse
300 1857 412 1911 contra
438 1845 663 1911 veneficiorum
690 1845 829 1911 noxiam.
861 1843 1043 1928 Asphodeli
1066 1842 1267 1910 mentionem
1295 1856 1329 1910 et
1346 1861 1393 1905 loa

198 1944 361 2012 Homerus
390 1948 484 2024 fecit3
517 1947 610 2010 radix
638 1945 707 2010 eius
735 1946 829 2031 napis
850 1945 985 2011 modicis
1007 1944 1120 2010 similis
1145 1954 1194 2008 est
1216 1968 1329 2030 neque

199 2046 263 2111 alia
284 2049 497 2127 numerosior,
530 2069 623 2112 nxxx
646 2047 739 2112 simul
761 2047 918 2112 acervatis
933 2069 1044 2132 vsaepe
1065 2045 1181 2110 bulbis.
1214 2044 1329 2112 Theo-

199 2146 349 2232 phrastus
371 2159 402 2213 et
422 2149 488 2213 fere
505 2146 623 2213 Graeci
644 2149 859 2234 princepsque
880 2147 1084 2234 Pythagoras
1106 2146 1231 2212 caulem
1255 2147 1330 2212 sius

199 2247 369 2312 cubitalem
398 2259 431 2313 et
458 2271 555 2334 saepe
582 2249 682 2313 duum
705 2248 903 2326 cubitorum,
936 2248 1020 2314 foliis
1045 2248 1133 2334 porri
1155 2247 1329 2326 silvestris,

199 2349 398 2414 anthericum
420 2372 590 2427 vocavere,
624 2349 762 2415 radicem
792 2372 867 2415 vero
895 2349 929 2413 id
956 2359 1005 2414 est
1026 2347 1142 2414 bulbos
1163 2348 1328 2434 asphode-

199 2449 281 2528 lum3
314 2450 415 2516 nostri
444 2451 525 2515 illud
551 2451 698 2517 albucum
726 2462 844 2516 vocant
870 2460 903 2515 et
930 2448 1137 2537 asphodelum
1164 2447 1329 2514 hastulam

199 2551 322 2637 regiam
348 2551 448 2617 caulis
469 2551 590 2617 aoinosi
615 2575 653 2617 ac
681 2550 745 2616 duo
772 2573 892 2638 genera
919 2551 1054 2617 faciunt.
1098 2549 1227 2616 Albuco
1251 2567 1393 2616 sea-110

199 2674 261 2737 pus
284 2651 447 2731 cubitalis,
471 2653 611 2740 amplus,
634 2675 754 2738 purus,
775 2653 871 2730 levis,
893 2652 935 2719 de
957 2674 1020 2736 quo
1041 2650 1142 2741 Mago
1163 2651 1329 2739 praecipit

230 2825 350 2888 proprior,
362 2826 424 2876 RV.
443 2867 474 2876 ..
493 2825 639 2890 intellipr'tar,
655 2826 740 2876 RVd.
758 2822 881 2888 detepitur,
893 2827 939 2876 11¹.
957 2823 1093 2887 impellitur,
1107 2826 1159 2875 K².
1178 2865 1210 2876 ..
1228 2821 1326 2887 danda,

199 2894 260 2944 RV.
287 2892 350 2952 inde,
362 2897 386 2943 d.
405 2934 436 2943 ..
455 2909 485 2941 ea
496 2893 585 2956 ecstor,
597 2894 681 2945 RVd.
697 2894 749 2958 flos
760 2908 790 2940 ex
801 2908 835 2952 eo,
847 2888 898 2956 βγ.
920 2933 948 2951 ,.
967 2891 1069 2941 amimae
1083 2900 1122 2953 13,
1135 2899 1193 2942 244.
1212 2932 1243 2942 ..
1264 2909 1327 2942 ara-

200 2962 294 3021 tionum,
310 2955 477 3011 ORVTKd.
495 2961 619 3020 satiomm,
629 2956 659 3021 β.
680 2962 713 3010 V.
726 2960 858 3023 Theophr.
870 2961 929 3010 bist.
941 2962 1022 3024 plant.
1035 2960 1097 3010 VIL
1112 2965 1151 3019 12,
1166 2966 1188 3010 1.

233 3047 247 3108 5
262 3051 318 3095 107.
336 3044 420 3109 eppiri,
433 3047 457 3094 d.
476 3043 564 3108 cyperi,
575 3045 609 3094 V.
627 3043 702 3108 cypri,
714 3045 746 3094 Β.
764 3044 797 3094 V.
810 3044 941 3109 Theophr.
954 3045 1013 3094 hist.
1025 3045 1104 3109 plant.
1116 3043 1178 3093 VIL
1194 3049 1233 3104 12,
1246 3051 1272 3094 3.
1292 3085 1326 3096 -

199 3109 494 3238 ἐξέἅίἰὶἓῖῗιξῒὲῧ.
514 3109 613 3172 simam,
625 3128 645 3160 r.
665 3151 695 3160 ..
713 3118 749 3159 est
759 3117 790 3171 et,
802 3112 825 3161 d.
844 3118 867 3159 et
878 3112 994 3187 aaa-RV.
1012 3152 1043 3161 ..
1063 3110 1158 3172 thesian,
1170 3113 1244 3161 codd.
1259 3112 1326 3163 Bar·

233 3263 248 3325 §
263 3267 318 3312 los.
342 3260 444 3323 Ceterae,
457 3262 489 3311 Β.
514 3259 605 3324 Cetera,
618 3263 671 3313 Vd.
689 3263 761 3313 Haec
773 3272 832 3313 sunt
843 3271 944 3327 sumpta
956 3278 989 3313 ex
1001 3262 1132 3327 Theophr.
1144 3261 1162 3310 1
1174 3261 1191 3309 1.
1204 3259 1268 3310 VII.
1284 3267 1326 3324 13,

202 3335 224 3379 l.
237 3329 294 3378 coll.
303 3329 421 3380 Dioscor.
432 3336 455 3391 2,
467 3335 522 3380 193.
534 3370 565 3379 -
580 3328 720 3393 Aapodelua
730 3333 763 3392 R,
775 3333 851 3381 etiam
862 3330 935 3398 iplra.
950 3371 982 3380 ...
997 3329 1095 3390 nomiae,
1108 3329 1141 3379 V.
1157 3369 1189 3378 ..
1201 3326 1329 3378 maadmr

199 3404 229 3455 et,
240 3398 272 3447 Β.
294 3395 416 3445 manditur
427 3413 461 3459 eo,
473 3399 529 3448 Vd.
548 3438 579 3446 ..
602 3397 688 3447 semine
701 3405 766 3459 tosta,
779 3400 909 3450 BVTdr.
931 3397 1018 3446 semine
1031 3405 1084 3457 toto,
1096 3392 1126 3459 β.
1145 3436 1176 3446 ..
1200 3393 1282 3444 balbos
1294 3403 1328 3458 et,

199 3465 255 3515 Vd.
274 3507 304 3514 -
333 3471 399 3525 tosto,
414 3467 468 3515 Rd.
496 3472 550 3524 toto,
565 3464 599 3515 V.
623 3506 654 3515 ..
681 3465 741 3528 salo,
757 3468 790 3518 B.
812 3507 844 3516 ...
873 3472 930 3526 truse,
946 3465 1010 3515 RV.
1037 3472 1102 3524 tosto,
1114 3467 1138 3514 d.
1158 3502 1188 3512 ..
1215 3460 1328 3513 Hesiodo

200 3548 269 3597 oper.
287 3540 312 3582 et
328 3533 388 3582 dier.
401 3538 442 3582 41.
459 3534 519 3582 0011.
531 3533 711 3596 Wyttenbach.
727 3536 760 3584 ad
771 3534 901 3584 Plutarch.
913 3532 1001 3582 morel
1018 3548 1043 3595 p.
1059 3535 1114 3583 157.
1126 3531 1157 3582 Ε.
1175 3532 1201 3579 et
1213 3529 1328 3582 Caesare

200 3600 227 3650 in
239 3600 319 3648 diurn.
332 3601 409 3663 antiq.
422 3600 494 3651 1333.
506 3616 549 3651 no.
560 3607 600 3650 65.
613 3616 638 3665 p.
649 3606 706 3653 531.
716 3642 746 3651 ..
760 3600 877 3662 tradam,
890 3592 971 3650 OVd.
987 3597 1097 3650 Tradunt
1107 3598 1181 3660 atil.
1197 3592 1327 3660 Tramas,

199 3663 249 3731 βγ.
268 3708 299 3715 ..
318 3665 470 3728 veneficorum
483 3683 578 3728 noxam,
590 3670 643 3719 Td.

234 3753 320 3814 §lota
343 3750 468 3812 Homeros,
480 3752 512 3800 R.
535 3753 569 3802 V.
582 3753 672 3817 Odyss.
684 3748 710 3814 λ,
725 3759 781 3802 533.
799 3767 832 3812 ω,
849 3757 888 3802 13.
908 3791 937 3800 ..
956 3751 1028 3812 narra,
1040 3753 1072 3801 Β.
1091 3791 1123 3800 ..
1145 3747 1328 3812 mmmmm

201 3818 426 3881 bistplantVIL
440 3825 479 3880 13,
492 3824 516 3868 2.
535 3859 567 3869 ...
590 3819 752 3885 Pythaporar,
765 3819 913 3869 v.Lobeck.
925 3818 1098 3883 Aglaopham.
1110 3832 1137 3881 p.
1150 3823 1207 3867 902.
1226 3857 1258 3866 ..
1279 3833 1327 3866 arr·

202 3882 324 3947 ibericum,
342 3886 427 3936 RVd.
452 3886 599 3946 antherr'ccrr,
614 3882 666 3951 βγ.
690 3926 721 3935 ..
748 3883 912 3949 asphodelum,
929 3886 1014 3936 Rva
1040 3883 1196 3949 aapladeloa,
1212 3879 1266 3948 βν.
1291 3926 1326 3936 -.

201 3951 485 4016 nostri-asphodelum,
504 3956 603 4032 om'R.
622 3994 654 4003 ..
680 3961 773 4014 vocant,
789 3968 841 4002 om.
858 3955 883 4003 d.
905 3993 937 4004 ..
964 3951 1095 4013 laetatam,
1113 3953 1228 4002 Scribon.
1244 3953 1327 4030 Larg.

203 4034 286 4148 353
300 4018 1328 4152 aatrituraretraratattuttamraar

204 4153 240 4212 lis,
249 4172 269 4204 r.
289 4194 319 4204 ..
337 4171 375 4216 ae,
387 4148 525 4207 ORVTd.
543 4153 599 4215 aias,
611 4151 641 4216 β.

237 4240 252 4301 5
267 4244 322 4289 110.
339 4255 432 4302 scapua,
445 4240 558 4290 RVTd.
576 4248 611 4288 eat
621 4253 715 4304 scapua,
727 4233 777 4302 βγ.
788 4280 819 4289 ..
839 4237 999 4301 mataras.
1016 4237 1120 4300 cubitali,
1132 4239 1217 4290 RVd.
1230 4278 1260 4288 ..
1272 4255 1328 4289 am-
