2896 4792
392 285 462 333 cm.
478 285 553 332 xva
582 285 660 333 cnr.
675 287 774 334 xmv.
805 287 904 336 sacr.
919 289 1002 334 ss-n.
1218 272 1259 338 63

182 438 234 502 89.
261 435 364 524 Argis
385 436 456 500 olea
476 436 656 501 etiamnunc
678 437 793 501 durare
821 437 951 515 dicitur,
981 438 1023 502 ad
1050 460 1147 522 quam
1167 439 1204 506 Io
1224 441 1259 506 in
1272 458 1321 504 aaa

138 557 270 603 vaccam
294 545 450 600 mutatam
470 535 581 622 Argus
607 536 807 623 adligaverit.
842 537 882 601 In
908 537 1012 604 Ponto
1038 539 1124 605 circa
1151 539 1258 606 Hera·

138 638 240 704 oleam
261 659 337 702 arae
359 647 435 701 sunt
455 636 543 702 Iovis
557 635 701 721 Στρατίου
723 638 928 725 cognomin03
950 639 996 705 ibi
1017 661 1155 724 quercus
1176 642 1259 708 duaa

138 737 181 802 ab
208 737 351 803 Hercule
380 749 479 802 satae.
514 737 555 801 In
583 739 696 803 eodem
721 749 826 803 tractu
847 749 959 825 portus
980 738 1098 825 Amyci
1120 751 1171 807 est
1191 741 1258 808 Be·

138 839 238 924 bryce
259 860 338 924 rege
358 837 525 903 interfecto
554 838 673 915 clarum
707 839 776 904 eius
810 839 951 904 tumulus
983 863 1003 904 a
1032 863 1180 927 supremo
1206 842 1259 908 die

137 939 228 1004 lauro
250 938 370 1025 tegitur
388 960 487 1022 quam
507 936 653 1003 insanam
675 949 804 1017 vocant,
833 940 984 1023 quoniam
1012 941 1039 1005 si
1061 941 1138 1025 quid
1160 963 1200 1006 ex
1221 964 1260 1007 ea

138 1032 326 1125 decerptum
341 1038 510 1104 inferatur
536 1037 673 1103 navibus
699 1038 805 1124 iurgia
830 1038 930 1118 fiunt,
964 1039 1066 1106 donec
1091 1040 1257 1108 abiciatur.
1311 1074 1318 1085 ·

138 1139 317 1228 Regionem
345 1140 549 1204 Aulocrenen
577 1139 731 1216 diximus,
765 1162 824 1226 per
852 1163 948 1225 quam
980 1141 1022 1206 ab
1053 1141 1194 1227 Apamia
1224 1144 1258 1207 in
1272 1161 1321 1208 240

138 1239 316 1327 Phrygiam
342 1240 425 1319 itur;
457 1239 503 1305 ibi
524 1239 675 1326 platanus
696 1241 888 1318 ostenditur,
922 1264 962 1307 ex
984 1264 1048 1326 qua
1068 1245 1260 1328 pependerit

140 1337 292 1426 Marsyas
323 1340 429 1406 victua
461 1340 502 1405 ab
534 1340 695 1426 Apolline,
729 1363 812 1425 quae
843 1341 908 1406 iam
940 1353 1009 1406 tum
1039 1345 1259 1431 magnitudine

119 1440 240 1529 electa
260 1453 326 1519 cst;
359 1463 421 1507 nec
441 1464 506 1506 non
527 1440 634 1526 palma
654 1440 730 1507 Deli
752 1441 793 1506 ab
816 1441 959 1507 eiusdem
981 1443 1034 1508 dei
1056 1455 1160 1510 aetate
1181 1467 1258 1511 con·

140 1541 284 1626 spicitur,
317 1541 489 1628 Olympiae
510 1543 663 1618 oleaster,
697 1564 736 1606 ex
759 1564 823 1626 quo
845 1542 968 1627 primus
989 1543 1146 1610 Hercules
1167 1567 1258 1612 coro-

40 1694 45 1704 .
138 1651 233 1706 natm
259 1653 324 1721 est3
358 1653 390 1708 et
415 1665 500 1708 nunc
522 1642 703 1708 custoditur
723 1643 845 1732 religio.
882 1643 1019 1710 Athenis
1041 1666 1168 1730 quoque
1189 1648 1260 1712 olea

141 1742 259 1808 durare
280 1743 415 1808 traditur
435 1744 469 1808 in
490 1743 664 1809 certamine
686 1743 772 1809 edita
793 1766 813 1808 a
833 1742 991 1810 Minerva.

182 1842 234 1907 90.
256 1842 311 1909 Ex
332 1845 460 1910 diverso
481 1844 672 1910 brevissima
692 1845 759 1910 vita
780 1855 829 1910 est
849 1845 984 1932 punicis,
1012 1846 1083 1925 fico,
1113 1847 1205 1913 malis
1227 1859 1259 1914 et
1271 1866 1318 1911 241

141 1965 182 2007 ex
202 1944 253 2009 his
274 1946 483 2030 praecocibus
509 1946 638 2011 brevior
665 1967 761 2030 quam
791 1947 954 2024 serotinis,
987 1946 1135 2014 dulcibus
1161 1971 1258 2034 quam

139 2045 259 2124 acutis,
287 2058 320 2112 et
348 2047 483 2113 dulciori
504 2048 538 2112 in
560 2045 700 2133 punicis;
728 2046 805 2113 item
826 2047 860 2111 in
882 2047 1001 2114 vitibus
1022 2050 1258 2134 praecipueque

139 2145 354 2213 fertilioribus.
393 2145 573 2213 Graecinus
599 2159 785 2213 auctorest
812 2150 983 2234 sexagenis
1010 2149 1102 2215 annis
1123 2151 1257 2217 durasse

139 2246 224 2312 vitis.
246 2246 408 2315 Videntur
429 2260 462 2314 et
483 2249 648 2332 aquaticae
669 2249 803 2315 celerius
824 2249 966 2316 interire.
991 2245 1170 2317 Senescunt
1185 2253 1255 2337 qui·

139 2348 214 2412 dem
239 2350 390 2415 velociter
422 2350 478 2414 sed
504 2372 522 2414 e
550 2349 711 2414 radicibus
733 2352 925 2437 repullulant
945 2353 1055 2418 laurus
1077 2362 1109 2418 et
1130 2353 1205 2420 mali
1226 2364 1258 2420 et
1359 2385 1366 2399 =

139 2449 284 2535 punicae.
315 2450 533 2516 Firmissimae
555 2471 634 2538 ergo
655 2451 697 2515 ad
718 2451 889 2516 vivendum
910 2454 1009 2532 oleae,
1039 2464 1074 2518 ut
1093 2476 1174 2539 quas
1195 2455 1256 2519 du-

139 2572 211 2615 rare
231 2551 324 2616 annis
344 2573 381 2617 cc
403 2553 487 2618 inter
507 2562 654 2617 auctores
675 2552 853 2617 conveniat
1411 2629 1414 2633 Δ

182 2653 231 2716 91.
253 2651 316 2717 Est
335 2654 370 2718 in
392 2652 576 2720 suburbano
597 2651 774 2718 Tusculani
797 2653 867 2738 agri
889 2654 968 2719 colle
989 2656 1045 2738 qui
1068 2653 1175 2723 Corne
1197 2678 1255 2741 ap·
1269 2670 1318 2717 sen

34 2799 37 2803 «
139 2753 276 2838 pellatur
302 2755 395 2820 lucus
425 2755 556 2839 antiqua
588 2752 744 2840 religione
775 2752 902 2818 Dianae
932 2766 1075 2819 sacratus
1102 2778 1121 2819 a
1146 2755 1254 2833 Latio,

140 2976 237 3009 coccam
249 2968 275 3010 et
287 2969 379 3010 taniam
391 2961 531 3026 adscriptae
543 2971 622 3022 erant,
639 2976 745 3025 quarum
756 2962 803 3012 illa
813 2962 841 3010 in
852 2976 895 3010 eos
908 2963 1006 3011 codices
1017 2963 1146 3026 migravit,
1164 2964 1255 3026 quibus

139 3028 215 3077 lectio
230 3029 334 3092 vulgata
351 3030 466 3088 debetur,
485 3030 550 3078 haec
565 3030 593 3078 in
604 3044 657 3088 cos,
674 3031 718 3093 qni
729 3044 797 3078 nunc
808 3030 881 3078 nobis
893 3037 993 3091 praesto
1005 3038 1070 3080 sunt.
1089 3071 1120 3080 ..
1138 3029 1209 3092 citra,
1225 3023 1254 3080 θ.

140 3135 171 3144 ..
190 3094 293 3157 Stratie,
308 3088 337 3146 θ.
365 3095 480 3156 Stratini,
492 3098 564 3146 codd.
576 3097 689 3146 Barbari.
717 3095 827 3157 Stratiui,
839 3113 862 3146 a.
890 3095 985 3157 Stratii,
999 3094 1068 3163 ᾱβγ.
1092 3100 1147 3161 Ego
1159 3113 1254 3148 nomen

139 3161 265 3212 Graecum
276 3165 384 3227 reposui.
404 3203 431 3213 -
457 3163 498 3223 rbi,
513 3156 611 3215 Orac.
634 3163 680 3224 ubi,
692 3181 712 3214 r.
737 3163 821 3226 ebione,
832 3158 862 3224 β.
881 3204 912 3213 -
931 3162 1000 3224 dane,
1012 3180 1063 3215 om.
1076 3167 1100 3215 d.
1119 3206 1150 3215 ..
1168 3163 1216 3213 Am
1232 3166 1256 3215 ci

139 3237 180 3289 eat,
197 3223 275 3279 OTa.
302 3229 420 3295 Amyciea,
437 3233 461 3281 d.
487 3239 522 3278 est
531 3230 625 3296 Amyci,
640 3248 660 3281 r.
686 3229 838 3295 canapeo,
853 3231 958 3280 Barbar.
970 3227 1000 3292 β.
1018 3272 1049 3280 ..
1076 3231 1191 3297 Bebryce‚
1207 3181 1253 3284 ὅτ.

140 3294 241 3358 bebrina,
253 3312 276 3346 a.
306 3295 371 3346 thebe
381 3298 436 3359 rice,
449 3300 473 3347 d.
495 3297 638 3362 Bebrycnm,
648 3299 753 3348 Barbar.
765 3295 795 3359 β.
813 3338 845 3346 ..
867 3314 884 3346 a
896 3314 1002 3360 supremo
1013 3297 1063 3361 die3
1081 3301 1108 3348 in
1119 3301 1160 3350 his
1171 3302 1253 3351 verbis

138 3364 227 3412 vitium
238 3365 320 3414 inesse
330 3373 398 3415 recte
409 3366 505 3415 iudicat
515 3365 546 3416 Ο.
559 3365 634 3414 lehn.
644 3365 672 3414 in
682 3362 720 3413 die
731 3363 899 3414 Ficcrentbebe
913 3361 979 3413 Oine
989 3382 1015 3430 p.
1024 3374 1048 3416 4.
1066 3367 1131 3416 Mihi
1143 3369 1253 3418 scriben-

140 3431 200 3479 dum
210 3432 310 3481 videtur
324 3447 341 3479 o
352 3431 533 3495 supereminente
545 3431 656 3494 hodieque
668 3430 735 3480 lauro
748 3440 768 3479 te
784 3433 842 3492 itur,
860 3433 918 3480 coll.
935 3434 1016 3482 schol.
1028 3433 1117 3497 Apoll.
1129 3436 1215 3485 Rhod.
1227 3441 1252 3497 2,

141 3502 197 3547 159.
219 3488 276 3546 ἀλλ’
291 3493 363 3547 ἔστιν
376 3497 406 3547 ἐν
419 3496 515 3564 ἐκείνῳ
526 3496 567 3564 τῷ
576 3495 648 3564 τόπῳ
661 3495 746 3562 φυτὸν
759 3449 866 3564 ἕάφνης
877 3495 1070 3564 ὑπερμέγεθες.
1093 3502 1252 3552 Persimilem

138 3564 197 3613 hnic
208 3565 296 3615 locum
306 3581 330 3615 v.
343 3572 366 3627 2,
381 3571 437 3616 149.
455 3606 486 3615 ..
497 3565 572 3627 finnt,
583 3568 635 3617 Ta.
645 3565 722 3627 fiant,
735 3566 752 3614 d
756 3563 807 3630 βγ.

172 3633 257 3695 §24⁰-
283 3631 438 3691 Aulocrenen,
455 3634 479 3681 d.
505 3630 656 3693 Anbtrmen,
672 3648 689 3682 a
705 3630 792 3693 (codd.
808 3633 969 3697 vetustissimi
986 3649 1026 3697 ap.
1044 3635 1151 3686 Salmas.
1169 3651 1251 3686 exem.

138 3711 163 3761 p.
176 3697 327 3761 586.a.0.)
345 3740 377 3748 ..
400 3698 608 3760 diaimns5,106.
627 3741 659 3749 ..
681 3700 719 3760 ab,
736 3701 817 3749 omitt.
830 3702 875 3749 ad.
896 3700 934 3750 At
944 3716 968 3748 v.
979 3701 997 3750 l.
1009 3702 1027 3750 l.
1045 3742 1077 3751 ..
1100 3701 1214 3766 Apamia,
1227 3719 1251 3752 a.

138 3762 256 3828 Apamea,
270 3762 322 3817 θᾱ.
340 3807 372 3816 ..
394 3767 478 3830 pinne,
493 3767 561 3817 Pint
579 3808 611 3818 -
633 3765 780 3830 pependerit,
798 3759 897 3818 Orac
920 3767 1040 3831 pependit,
1055 3764 1084 3830 β.
1103 3809 1134 3818 ..
1157 3769 1249 3828 icm,a.

138 3831 216 3893 ofiani,
227 3835 251 3882 d.
270 3874 302 3882 ..
317 3833 417 3898 primae,
429 3837 473 3884 ad.
490 3833 597 3896 optimus,
609 3849 734 3885 manuscr.
745 3835 823 3884 Paris.
835 3850 876 3898 ap.
887 3835 976 3885 Dalcc.
994 3876 1025 3884 -
1044 3834 1134 3898 relique,
1149 3828 1250 3886 eden.

137 3897 252 3963 reliqioec
263 3896 314 3964 βγ.
333 3941 365 3950 ..
383 3895 671 3964 encaeniatus.
831 3934 837 3941 ι
922 3955 924 3958 ⁴
1274 3918 1278 3933 '

172 3969 187 4030 5
200 3973 258 4017 241.
276 3966 319 4016 En
330 3967 429 4028 dberso,
441 3971 486 4018 ad.
503 3967 531 4016 E
540 3967 640 4028 dinnao,
651 3964 701 4032 βγ.
719 3969 754 4018 V.
766 3970 896 4032 Theophr.
909 3969 926 4018 l.
935 3971 953 4018 l.
966 3969 1013 4018 IV.
1029 3975 1067 4028 13,
1079 3974 1102 4016 2.
1116 4007 1146 4016 ..
1164 3967 1250 4032 anda,

47 4043 50 4048 '
137 4034 205 4082 Pint.
224 4075 255 4084 ..
274 4032 381 4095 dulciori,
392 4037 466 4086 codd.
479 4035 537 4086 Get.
563 4035 715 4098 dulcior,ad.
741 4033 846 4095 dilutior,
858 4038 932 4085 codd.
944 4036 1059 4085 Barbari.
1076 4074 1106 4083 ..
1129 4037 1250 4100 apyrena,

137 4101 205 4150 Pina
224 4141 255 4151 ..
265 4100 399 4164 fertilibus,
411 4105 463 4153 Td.
482 4142 514 4152 ..
531 4101 675 4162 elateribus,
686 4104 754 4154 Pint.
772 4144 803 4153 ..
823 4101 955 4162 videndun,
967 4117 989 4151 a

172 4166 187 4228 §
200 4175 257 4218 242.
278 4165 422 4230 Coriolanus,
434 4186 464 4238 r..
474 4167 549 4230 Come,
561 4171 593 4220 K
611 4171 644 4220 V.
654 4171 755 4221 Cluver.
765 4170 822 4220 Ital.
834 4178 886 4221 ant
896 4176 920 4228 2,
930 4175 969 4218 16.
981 4184 1006 4232 p.
1017 4170 1072 4218 779.
1085 4178 1110 4219 et
1120 4171 1248 4222 Drakenb.

136 4235 169 4283 ad
180 4235 236 4284 Liv.
249 4242 272 4294 3,
285 4243 325 4286 23.
345 4277 375 4286 ,.
390 4235 490 4296 wuito,
501 4234 591 4287 D'alec
608 4237 685 4300 Tatio,
696 4239 784 4288 Heius.
796 4239 828 4288 ad
840 4237 913 4288 Ovid.
925 4243 970 4285 art
982 4245 1058 4286 amat.
1073 4243 1095 4299 l,
1107 4245 1164 4290 656.
