2896 4792
202 269 263 335 146
348 312 357 335 .
553 284 757 332 usruaanrs
780 236 975 337 merosus
1004 234 1009 249 Ι

199 435 245 499 lix
267 455 380 519 caecos
402 433 502 499 brisso
524 432 655 499 diceret.
692 431 855 503 Convenit
875 457 980 523 neque
1001 437 1093 501 iuxta
1113 437 1241 522 paludis
1262 440 1370 524 po-'sa

198 534 338 600 nendam
375 557 448 601 esse
484 555 589 621 neque
617 534 753 601 adverso
785 556 895 613 amne,
936 558 1131 621 quamquam
1161 538 1323 605 Homerus

199 634 328 699 omnino
350 657 368 699 e
389 633 520 701 flumine
542 657 669 721 semper
690 635 896 702 antelucanas
910 659 1006 703 auras
1026 639 1199 703 insalubris
1220 641 1322 705 veris-

199 734 279 799 sime
294 733 434 800 tradidit.
457 736 610 829 Spectare
631 734 666 803 in
687 737 845 805 aestuosis
865 738 945 803 locis
967 739 1199 824 septentriones
1214 741 1322 820 debet,

196 835 363 900 meridiem
384 837 418 903 in
439 836 584 926 fiigidis,
613 837 647 901 in
669 838 855 924 temperatis
878 849 1023 904 exortum
1044 839 1321 924 aequinoctialem.

195 936 281 1026 Agri
303 937 405 1024 ipsius
426 938 553 1003 bonitas
575 937 693 1023 quibus
714 940 912 1026 argumentis
934 939 1107 1004 iudicanda
1129 940 1184 1018 sit,
1206 963 1321 1025 quam-

195 1059 293 1124 quam
320 1039 362 1104 de
389 1050 493 1104 terrae
519 1062 639 1127 genere
667 1049 799 1125 optumo
827 1039 1021 1107 disserentes
1050 1039 1177 1105 abunde
1199 1041 1321 1107 dixisse

195 1163 369 1228 possumus
388 1141 506 1218 videri,
530 1141 705 1206 etiamnum
727 1151 834 1204 tamen
855 1140 988 1205 traditas
1007 1153 1100 1206 notas
1115 1141 1320 1227 subsignabi-

194 1265 268 1307 mus
291 1239 423 1308 Catonis
444 1263 593 1306 maxume
615 1241 739 1306 verbis:
769 1240 923 1319 ,ebulum
946 1241 997 1306 vel
1018 1264 1143 1328 prunus
1166 1243 1320 1309 silvestris
1333 1261 1367 1304 aa

194 1344 248 1436 yel
261 1342 373 1420 rubus,
388 1341 507 1407 bulbus
521 1342 673 1419 minutus,
690 1343 850 1420 trifolium,
865 1341 966 1408 herba
980 1342 1151 1428 pratensis,
1170 1365 1319 1427 quercus,

196 1442 350 1508 silvestris
371 1441 462 1528 pirus
484 1442 650 1526 malusque
673 1442 873 1509 frumentarii
901 1441 959 1508 soli
980 1453 1093 1518 notae;
1122 1443 1200 1511 item
1226 1444 1320 1530 nigra

193 1530 295 1622 terra,
319 1552 351 1609 at
369 1554 401 1609 et
416 1544 535 1613 cinerei
550 1544 673 1609 coloris
701 1541 817 1609 Omnis
832 1554 919 1610 creta
934 1553 1051 1629 coquet
1065 1543 1128 1611 nisi
1142 1565 1318 1629 permacra,

195 1647 424 1731 sabulumque,
451 1644 513 1709 nisi
539 1645 574 1709 id
600 1645 698 1709 etiam
724 1653 880 1729 pertenue
907 1655 973 1723 est,
1005 1654 1036 1711 et
1061 1646 1161 1710 multo
1188 1666 1318 1729 campe-

195 1746 315 1816 stribus
334 1744 439 1832 magis
458 1768 555 1830 quam
576 1745 704 1810 clivosis
718 1746 915 1831 respondent
930 1746 1075 1812 eadem.'’
1097 1743 1234 1811 Modum
1247 1745 1318 1832 agri
1331 1763 1366 1807 aa

192 1848 227 1912 in
248 1847 361 1933 primis
384 1846 578 1912 servandum
599 1845 722 1930 antiqui
744 1857 914 1932 putavere3
938 1848 1057 1933 quippe
1071 1846 1118 1911 ita
1133 1844 1318 1922 censebant,

195 1947 297 2014 satius
326 1969 397 2013 esse
424 1947 531 2012 minus
558 1969 663 2012 serere
691 1958 724 2012 et
744 1947 860 2012 melius
881 1970 989 2025 arare,
1021 1946 1141 2032 quain
1162 1947 1319 2013 sententia

196 2058 229 2112 et
249 2045 430 2133 Vergilium
452 2048 553 2112 fuisse
574 2048 688 2124 vide03
710 2070 886 2131 verumque
908 2047 1132 2113 confitentibus
1148 2046 1319 2116 latifundis

193 2148 364 2235 perdidere
385 2147 529 2226 Italiam,
556 2148 621 2212 iam
643 2170 720 2214 vero
743 2159 776 2212 et
796 2149 987 2234 provincias.
1021 2145 1088 2213 Sex
1116 2149 1237 2215 domini
1266 2171 1317 2214 se-

193 2249 323 2313 missem
345 2247 477 2313 Africae
499 2249 722 2334 possidebant,
756 2271 829 2314 cum
855 2249 1014 2317 interfecit
1039 2272 1095 2317 eos
1116 2249 1203 2315 Nero
1225 2249 1316 2335 prin-

193 2371 281 2436 ceps,
293 2371 358 2414 non
373 2348 553 2415 fraudando
567 2350 788 2436 magnitudine
802 2349 864 2416 hae
879 2372 1004 2434 quoque
1016 2372 1075 2415 sua
1087 2347 1148 2415 Cn.
1159 2348 1318 2435 Pompeio

193 2451 250 2534 qui
270 2473 445 2535 numquam
467 2473 581 2537 agrum
602 2461 763 2517 mercatus
778 2460 828 2516 est
841 2450 1083 2516 conterminum.
1104 2451 1197 2536 Agro
1208 2460 1316 2536 empto

194 2552 324 2619 domum
348 2551 552 2618 vendendam
583 2552 791 2622 inclementer
817 2561 914 2636 atque
941 2575 1005 2617 non
1034 2575 1075 2617 ex
1096 2552 1232 2619 utilitate
1253 2575 1315 2638 pu·

192 2654 267 2720 blici
290 2665 393 2720 status
406 2653 509 2740 Mago
530 2653 655 2719 censuit
675 2653 735 2719 hoc
757 2653 887 2719 exordio
908 2666 1084 2745 praecepta
1101 2655 1244 2739 pandere
1265 2653 1315 2716 in·

192 2778 340 2843 gressus,
362 2766 399 2820 ut
422 2766 528 2821 tamen
549 2755 704 2841 adpareat
723 2754 951 2829 adsiduitatem
965 2754 1179 2820 desideratam
1201 2753 1242 2818 ab
1265 2774 1313 2816 eo.

191 2856 322 2922 Dehinc
347 2857 465 2943 peritia
493 2855 661 2922 vilicorum
687 2857 722 2920 in
752 2878 829 2922 cura
849 2855 997 2921 habenda
1018 2865 1067 2920 est
1087 2855 1251 2937 multaque
1272 2853 1313 2916 de
1326 2864 1361 2908 ³6

191 2957 243 3022 his
264 2954 347 3022 Cato
368 2956 546 3043 praecepit;
568 2956 664 3020 nobis
686 2957 763 3021 satis
791 2957 832 3021 sit
853 2958 973 3021 dixisse
999 2977 1096 3039 quam
1120 2975 1313 3040 proxumum

146 3054 149 3062 '
192 3057 321 3124 domino
349 3058 445 3123 corde
475 3078 546 3121 esse
575 3057 691 3121 debere
720 3068 752 3121 et
775 3067 880 3122 tamen
903 3055 1093 3143 sibimetipsi
1114 3078 1179 3125 nou
1200 3053 1312 3119 videri.

225 3246 315 3292 caecos,
327 3247 350 3280 a.
370 3270 401 3279 ..
420 3227 515 3291 ᾰὶοονετ,
527 3232 598 3280 codd.
612 3229 668 3280 Gel.
686 3227 771 3290 dicere,
784 3233 828 3280 ad,

226 3300 293 3361 533.
312 3313 511 3360 aeque-neque,
524 3301 568 3347 ad.
587 3313 753 3359 aecssnsque,
765 3292 815 3361 βγ.
836 3296 866 3345 ’-
885 3294 986 3346 adom
1006 3314 1028 3348 a.
1047 3313 1077 3346 aa
1088 3295 1260 3355 adversare.
1280 3334 1311 3342 .-

191 3364 311 3429 querus
323 3366 414 3428 Odyss.
428 3380 452 3424 ε,
466 3369 524 3414 469.
543 3405 575 3412 -
593 3380 615 3424 e,
628 3365 709 3413 omitt.
722 3366 767 3414 ad.
782 3405 814 3413 -
832 3363 962 3425 aestivata,
978 3333 1006 3414 d.
1020 3405 1051 3415 ..
1071 3364 1095 3412 ia
1107 3372 1165 3415 ante
1178 3360 1313 3424 temperabo

192 3433 275 3481 omitt.
288 3434 332 3481 ad.
352 3473 382 3481 -
405 3447 490 3495 ponere
501 3431 593 3495 optimo,
606 3433 650 3480 ad.
672 3431 757 3494 optimo
768 3447 860 3495 penore,
872 3427 923 3495 βγ.
942 3470 973 3480 ..
992 3430 1131 3481 deserentes
1144 3435 1183 3490 rt,
1196 3435 1227 3479 25
1240 3442 1311 3491 seqq.

193 3539 224 3548 ..
243 3499 371 3556 etiannum,
384 3516 406 3548 a.
427 3539 458 3547 -
479 3497 583 3547 θατοηίε.
602 3499 667 3549 Cum
680 3514 775 3560 eorum,
793 3513 858 3562 quse
869 3498 934 3548 infra
946 3506 1092 3560 sequnntur,
1104 3496 1168 3547 nihil
1180 3497 1230 3545 iam
1243 3497 1311 3556 apud

192 3566 316 3617 Catonem
334 3574 423 3627 exstet,
438 3568 506 3617 Pint.
532 3565 673 3616 Coluraeltoe
687 3581 809 3630 reponere
826 3566 909 3615 voluit
924 3566 983 3613 coll.
995 3564 1096 3615 Colum.
1113 3563 1148 3613 ΙΙ
1166 3570 1189 3621 2,
1209 3568 1247 3612 14.
1261 3568 1310 3620 20,

191 3635 270 3685 Hard.
293 3633 417 3697 Maponis,
434 3635 520 3683 Klotz.
536 3635 563 3682 in
579 3633 653 3683 Iahn.
670 3633 761 3682 horreo
775 3640 815 3692 10,
828 3638 867 3683 59.
885 3641 930 3681 aut
944 3632 1062 3681 Pintiano
1079 3630 1250 3680 accedendum
1266 3637 1311 3678 aut

194 3700 234 3750 Co.
247 3701 276 3762 (i.
289 3716 311 3751 e.
324 3699 450 3762 Cornelii)
465 3698 528 3749 Celsi
537 3702 673 3763 legendum
684 3715 739 3750 esse
751 3709 843 3749 censet

226 3768 293 3830 534.
311 3767 439 3831 malusque,
451 3784 474 3817 a.
492 3767 577 3829 malua,
589 3770 614 3817 d.
632 3805 664 3816 ..
678 3765 835 3831 frumentari,
847 3780 870 3814 a.
888 3804 920 3815 ..
940 3771 1011 3825 tanc,
1024 3770 1050 3811 at
1061 3769 1090 3823 st,
1103 3763 1139 3813 ita
1149 3776 1198 3812 nos
1210 3763 1309 3825 scripsi-

190 3852 255 3887 mus.
274 3843 361 3884 terreat
372 3843 401 3892 et,
414 3851 437 3885 a.
456 3842 521 3883 terra
533 3843 563 3895 et,
575 3830 645 3898 dssr.
664 3874 696 3883 ..
714 3840 803 3896 coquet,
815 3849 838 3882 a.
860 3838 968 3895 quoquest,
981 3832 1004 3879 d.
1022 3829 1107 3892 coquit,
1118 3825 1169 3893 βγ.
1187 3870 1219 3880 ..
1237 3830 1310 3878 sata-

191 3901 290 3968 lroaque,
305 3896 357 3953 Od.
375 3901 490 3962 sabulum,
502 3897 551 3963 ιβ.
566 3943 598 3950 -
615 3901 664 3949 aiei
674 3898 790 3960 idatium,
805 3893 874 3948 Oad.
893 3898 963 3947 strom
974 3896 1022 3946 urei
1032 3895 1065 3957 id,
1076 3892 1106 3957 β.

224 3992 291 4053 ξεῖ».
316 3986 445 4053 Veryitiam
463 4001 548 4049 georg.
561 3987 655 4045 met.
674 4023 706 4034 ..
733 3981 895 4046 latrfirads'rrm,
912 3983 935 4031 d.
962 3978 1122 4044 latr'faadr'um,
1140 3996 1163 4030 s.
1183 4019 1214 4028 -
1232 3980 1310 4044 frou·

117 4111 123 4118 ,
190 4053 488 4120 ἀαὸο..Ροηιρείιιιη,Κ.
507 4095 538 4102 -
560 4051 652 4113 Ga.,a.
671 4091 703 4100 ..
721 4050 852 4112 emetita.
870 4049 1026 4111 statuit‚'l'd.
1126 4074 1133 4084 =

225 4147 239 4207 ἓ
252 4154 293 4197 36.
311 4148 440 4205 vilicorum,
451 4163 467 4196 a
478 4148 580 4223 ubique.
592 4184 623 4194 ..
642 4142 686 4205 tta,
699 4159 721 4193 a.
739 4142 778 4205 iis,
790 4139 860 4207 ᾶβγ,
874 4183 905 4192 ..
920 4139 979 4191 Cato
990 4143 1021 4193 dc
1032 4155 1060 4191 re
1071 4148 1132 4208 τμη.
1144 4146 1167 4189 5.
1182 4179 1210 4187 -
1231 4136 1311 4196 corda

191 4253 215 4288 a.
233 4238 313 4300 corda,
326 4243 349 4290 d.
368 4239 442 4302 cordi,
454 4235 484 4302 β.
499 4281 529 4289 -
547 4227 671 4300 semetipsi,
684 4252 706 4286 a.
726 4277 757 4286 ..
776 4237 815 4296 ab,
830 4228 880 4285 dd.
894 4235 981 4286 omitt.
994 4228 1042 4293 ast.
1059 4273 1090 4282 ..
1108 4229 1228 4295 quicquid,
1239 4245 1262 4281 a.
1276 4269 1306 4278 ..
