2896 4792
427 285 498 331 nm.
514 284 576 331 xx.
607 282 685 330 cnr.
701 285 752 331 rx.
781 282 879 345 snos.
893 283 977 329 arms.
1195 265 1258 331 313

139 446 172 500 et
194 434 347 501 stomachi
368 434 460 512 vitia,
483 457 556 498 cum
576 443 666 498 rutae
690 432 809 497 semine
831 432 874 497 ad
895 430 1060 497 secundas.
1094 431 1137 496 Et
1159 432 1258 497 muris

140 536 248 601 aranei
288 557 413 630 morsus
454 535 602 600 foliorum
644 533 807 598 aridorum
833 530 945 596 ⁴farina
980 534 1131 599 alterutra
1169 541 1259 619 parto

139 635 292 701 exinanit.
502 692 506 697 .
701 624 705 635 ’
960 688 965 694 .

183 737 235 802 35.
258 735 311 799 Ex
333 735 480 801 omnibus
502 735 664 800 brassicae
685 733 858 821 generibus
880 732 1071 799 suavissima
1093 744 1143 798 est
1156 754 1259 817 cyma,
1274 751 1307 795 ao

141 837 200 903 etsi
221 836 342 902 inutilis
363 836 507 913 habetur,
530 834 671 902 difficilis
691 835 725 900 in
747 835 911 920 coquendo
934 845 966 899 et
985 835 1116 900 renibus
1137 842 1261 899 contra·

141 937 200 1002 ria.
236 936 321 1003 Illud
342 959 468 1022 quoque
491 959 553 1001 nou
576 946 625 1002 est
646 935 868 1014 omittendum,
902 957 1017 1020 aquam
1046 936 1192 1000 decoctae
1221 934 1262 998 ad

141 1046 188 1103 tot
209 1059 288 1103 usus
309 1038 471 1103 laudatam
492 1037 613 1102 faetere
633 1036 723 1103 humi
745 1037 891 1102 effusam.
925 1033 1085 1121 Stirpium
1105 1034 1262 1101 brassicae

141 1137 303 1205 aridorum
324 1133 405 1203 cinis
426 1138 509 1202 inter
530 1137 670 1204 caustica
691 1137 885 1223 intellegitur
891 1163 900 1215 ;
924 1136 965 1201 ad
980 1135 1188 1202 coxendicum
1204 1134 1262 1201 do·

140 1236 225 1304 lores
254 1261 326 1305 cum
352 1239 448 1324 adipe
476 1247 614 1316 vetusto,
644 1247 677 1302 at
703 1259 776 1302 cum
803 1239 907 1304 lasere
935 1247 966 1302 et
994 1247 1084 1302 aceto
1105 1236 1140 1301 in
1161 1234 1262 1300 vicem

140 1337 265 1424 psilotri
293 1340 411 1407 evolsis
437 1338 547 1405 inlitus
576 1338 651 1424 pilis
678 1338 766 1404 nasci
788 1339 867 1404 alios
888 1336 1048 1424 prohibet.
1084 1335 1211 1401 Bibitur
1232 1344 1264 1401 et
1277 1352 1307 1398 ar

141 1428 215 1503 oum
246 1441 315 1507 oleo
350 1439 602 1507 subfervefactus
629 1440 680 1505 vel
706 1461 766 1526 per
795 1463 829 1505 se
857 1439 960 1506 elixus
987 1438 1029 1503 ad
1056 1439 1205 1503 convolsa
1233 1445 1264 1501 et

141 1550 238 1625 rupta
258 1541 344 1606 intus
365 1542 522 1627 lapsoque
544 1564 584 1607 ex
606 1542 679 1607 alto.
707 1540 805 1607 Nulla
826 1564 904 1629 ergo
926 1550 1000 1606 sunt
1020 1538 1152 1604 erimina
1172 1536 1264 1602 bras-

141 1639 249 1706 sicae?
283 1641 386 1708 Immo
414 1665 491 1708 vero
517 1642 605 1727 apud
634 1641 764 1707 eosdem
786 1641 911 1706 animae
933 1640 1124 1728 gravitatem
1146 1638 1264 1714 facere,

142 1740 293 1813 dentibus
321 1755 353 1807 et
378 1742 522 1832 gingivis
549 1765 684 1820 nocere3
713 1753 746 1809 et
765 1745 798 1809 in
820 1744 975 1829 Aegypto
997 1750 1127 1827 propter
1148 1737 1265 1803 amari·

144 1841 287 1907 tudinem
308 1865 371 1907 non
393 1854 491 1909 estur.
1197 1830 1213 1855 N

185 1942 238 2007 36.
270 1939 438 2011 Silvestris
465 1945 533 2011 siva
562 1944 715 2010 erraticae
742 1945 887 2011 inmenso
908 1945 981 2029 plus
1003 1943 1137 2010 effectus
1157 1939 1267 2007 laudat
1280 1956 1312 2001 oe

143 2040 238 2121 Cato,
261 2045 342 2111 adeo
364 2057 401 2111 ut
422 2045 530 2113 aridae
552 2067 681 2131 quoque
702 2046 836 2112 farinam
854 2046 887 2111 in
902 2045 1086 2111 olefactorio
1102 2043 1268 2110 collectam

143 2146 195 2210 vel
215 2145 313 2212 odore
335 2158 458 2215 tantum
478 2147 612 2214 naribus
632 2160 725 2234 rapto
740 2148 819 2214 vit-ia
832 2170 942 2213 earum
956 2145 1268 2234 graveolentiamque
1319 2187 1329 2202 κ

143 2268 255 2311 sanare
282 2247 439 2312 adfirmet.
476 2247 573 2314 Hanc
594 2249 649 2315 alii
670 2259 834 2333 petraeam
856 2259 987 2326 vocant,
1015 2245 1268 2313 inimicissimam

144 2345 236 2423 vino,
258 2367 354 2429 quam
376 2347 549 2432 praecipue
571 2347 647 2413 vitis
668 2349 772 2434 fugiat
795 2359 861 2426 aut,
883 2349 911 2414 si
932 2372 997 2414 non
1017 2347 1121 2435 possit
1142 2346 1267 2431 fugere,

144 2445 306 2510 moriatur.
328 2445 423 2511 Folia
437 2447 534 2512 habet
547 2471 624 2525 una,
646 2449 794 2525 rotunda,
816 2471 927 2533 parva,
949 2448 1046 2527 levia,
1068 2447 1185 2533 plantis
1199 2446 1267 2510 ola·
1281 2456 1314 2504 ⁹³

145 2546 190 2610 ris
213 2545 356 2623 similior,
381 2546 546 2612 candidior
567 2548 672 2612 sativa
694 2559 727 2612 et
747 2548 910 2613 hirsutior.
934 2547 1031 2613 Hanc
1051 2544 1268 2612 inflationibus

144 2646 284 2725 mederi,
313 2646 549 2715 melancholicis
570 2668 698 2731 quoque
720 2670 758 2713 ao
779 2648 963 2713 volneribus
986 2646 1170 2714 recentibus
1193 2669 1267 2712 cum

143 2748 239 2814 melle
259 2748 306 2813 ita
326 2770 367 2815 ne
390 2749 555 2814 solvantur
577 2757 652 2813 ante
674 2747 759 2812 diem
781 2758 981 2833 septumum,
1004 2747 1151 2826 strumis,
1174 2747 1266 2813 fistu-

143 2850 184 2914 lis
204 2850 239 2914 in
261 2871 346 2933 aqua
367 2848 536 2916 contritam
559 2845 746 2936 Chrysippo
768 2860 914 2927 auctore3
943 2860 974 2915 et
1002 2850 1056 2915 alii
1082 2870 1161 2915 vero
1190 2871 1267 2913 con·

144 2973 278 3036 poscere
305 2952 389 3018 mals
416 2951 559 3036 corporis
587 2972 671 3034 quae
700 2962 846 3036 serpant,
874 3005 915 3015 ..
936 2973 1049 3016 nomas
1070 2960 1203 3028 vocant,
1227 3002 1267 3015 ..

144 3051 221 3116 item
250 3052 466 3118 excrescentia
487 3051 669 3131 absumere,
700 3052 865 3120 cicatrices
887 3053 929 3116 ad
949 3053 1080 3139 planum
1101 3050 1266 3137 redigere3

145 3221 203 3270 uita
218 3223 260 3284 uir,
278 3238 342 3285 quae
359 3238 411 3272 vox
427 3222 547 3273 facillime
564 3226 704 3276 oblitterari
721 3227 806 3289 potuit
822 3241 867 3290 per
882 3225 979 3276 litteras
995 3242 1012 3273 a
1024 3234 1048 3275 et
1059 3226 1086 3284 ir,
1103 3239 1210 3288 quarum
1221 3224 1268 3274 illa

144 3291 336 3352 praecedentem
352 3304 450 3351 vocem,
466 3291 530 3339 haec
547 3300 695 3354 sequentem
712 3293 808 3357 incipit.
832 3332 864 3342 ..
887 3291 995 3353 ardores,
1009 3295 1033 3342 d.
1060 3332 1090 3341 ..
1115 3300 1137 3339 et
1151 3287 1269 3342 stomachi

145 3355 205 3404 vitiu
220 3372 270 3404 com
286 3365 362 3417 rame,
379 3373 402 3405 a.
429 3371 481 3405 cura
497 3356 615 3406 stomacho
631 3359 682 3407 iure
696 3375 791 3420 serora,
804 3361 827 3409 d.
854 3357 1133 3408 etstomacltioitr'acam
1146 3366 1220 3421 aceto,
1232 3359 1265 3408 Κ.
1289 3403 1308 3416 ,
1369 3370 1375 3375 “

146 3465 176 3472 ..
195 3421 364 3483 adamandas,
381 3424 455 3475 Kad.
482 3431 504 3472 et
519 3422 554 3473 od
567 3424 691 3487 secandas,
708 3421 758 3490 βγ.
786 3426 861 3476 Illam
877 3427 1014 3476 lectionem
1030 3427 1122 3491 recepi,
1138 3427 1267 3493 interpun-

144 3492 227 3541 ctio'ne
239 3491 264 3539 in
277 3493 408 3542 nonnullis
421 3499 526 3542 mutata.
547 3533 577 3542 ..
596 3490 668 3541 altius
681 3500 791 3542 tumentes
799 3500 895 3557 portas,
908 3494 940 3551 Κ.

176 3578 244 3638 §90¹
271 3591 347 3641 cyma,
360 3576 410 3633 etsi,
426 3578 530 3628 Barbar.
557 3577 678 3640 quimaet,
691 3579 716 3627 d.
743 3575 837 3641 quirum,
850 3593 872 3627 a.
892 3617 923 3627 ..
951 3574 1123 3642 lunrisostere,
1139 3579 1162 3626 d.
1181 3579 1268 3641 sacae

144 3642 215 3703 lauti,
232 3660 254 3693 a.
275 3684 305 3692 -
325 3652 422 3705 vetusto,
440 3638 539 3695 OTad.
554 3652 696 3709 pervetusto,
708 3640 737 3707 β.
756 3687 788 3695 -
806 3653 841 3706 at,
859 3661 881 3695 a.
908 3660 944 3706 ac,
958 3639 1008 3696 θᾱ.
1029 3685 1059 3695 ..
1079 3644 1104 3694 in
1121 3646 1204 3706 vicem3
1221 3659 1267 3708 pro

144 3710 344 3760 hisvv.habent
360 3710 477 3763 iaterad.
497 3753 527 3762 ..
551 3711 649 3778 psilotre
662 3711 798 3775 salamari.
972 3718 980 3735 ⁸

177 3798 244 3859 591.
267 3805 346 3860 rupto,
359 3812 383 3847 a.
401 3806 465 3859 roto,
477 3801 500 3849 d.
522 3841 551 3849 -
571 3798 690 3864 apioque,
701 3804 746 3851 ad.
764 3793 972 3865 bspsomque,ssr.
992 3840 1023 3850 ..
1042 3808 1084 3862 est,
1096 3801 1141 3849 ad.
1159 3796 1205 3859 edi,
1217 3798 1250 3849 K.

178 3881 245 3941 §92
273 3881 390 3942 marines,
405 3898 427 3932 a.
448 3903 482 3932 ..·
508 3881 567 3932 Coto
585 3886 617 3934 da
632 3901 659 3934 re
674 3893 736 3936 rust.
751 3887 807 3946 157,
821 3890 860 3936 12.
879 3925 911 3935 ...
938 3883 1062 3948 offertore}
1078 3881 1217 3944 collected.
1236 3923 1266 3933 .-

144 3953 220 4008 rapto,
232 3961 248 3994 a
259 3943 344 4006 (codd.
357 3947 483 4010 Barbari).
502 3958 565 4011 uoto,
579 3953 603 4000 d.
624 3993 654 4001 -
672 3968 767 4013 sanare,
781 3954 855 4004 codd.
868 3952 983 4003 Barbari.
1003 3949 1095 4010 samri,
1107 3952 1153 4000 ad.
1171 3991 1202 4002 ...
1222 3949 1267 4001 od·

135 4014 243 4075 firment,
257 4015 279 4061 d.
299 4013 441 4076 adfirmant,
453 4032 476 4065 a
495 4057 525 4067 ..
544 4025 670 4080 pateream,
682 4021 705 4070 d.
724 4061 755 4069 -
776 4036 856 4083 quom,
870 4021 894 4069 d.
912 4019 977 4084 queis,
989 4035 1012 4070 a.

178 4095 245 4156 §aa
272 4095 365 4158 babeat,
378 4099 410 4148 T.
429 4139 461 4148 ..
485 4115 576 4161 noma
601 4099 755 4164 binaTdss.
776 4145 806 4153 -
825 4101 1111 4166 rotoadoparoa,'l'ad.
1128 4116 1267 4164 parvare·

144 4162 226 4224 rorida,
238 4159 290 4229 βγ.
312 4207 339 4214 ..
363 4164 477 4226 soluatur,
490 4167 512 4215 d.
533 4207 564 4217 ..
587 4185 683 4231 nquam,
696 4173 739 4220 ad.
761 4210 791 4221 ..
817 4167 1096 4234 &proponeremus
1123 4167 1268 4234 Chrysippus
1334 4220 1372 4237 ...

60 4268 71 4279 ..
142 4239 278 4292 auctorest,
291 4227 364 4297 ᾱβγ.
384 4274 413 4282 .,
433 4232 513 4282 etalii
524 4249 586 4295 vero,
598 4238 636 4287 ad
647 4233 732 4298 (codd.
745 4235 816 4301 (tel.)
833 4245 856 4286 et
867 4235 920 4298 atti,
931 4238 962 4287 Τ.
