2896 4792
187 277 250 342 220
538 291 744 339 retrursus
766 290 962 338 ursromnu

185 442 332 526 Namque
352 441 518 529 Vergilius
546 443 643 507 etiam
669 444 704 507 in
725 464 874 508 numeros
895 443 988 507 lunae
1010 442 1186 528 digerenda
1208 467 1307 527 quae-

185 545 259 608 dam
292 546 418 630 putavit
444 543 624 610 Democriti
656 556 786 610 secutus
813 544 1073 619 ostentationem
1107 566 1167 609 uos
1198 547 1308 633 legum

185 645 320 724 utilitas,
352 667 436 730 quae
462 645 498 709 in
528 655 594 710 toto
621 666 734 730 opere,
767 647 802 709 in
828 644 888 710 bac
921 666 1048 729 quoquc
1075 657 1181 711 movet
1206 658 1308 730 parte.

185 743 307 811 Omnia
332 768 414 832 quae
440 747 637 824 caeduntur,
666 757 856 832 carpuntur,
884 747 1080 823 conduntur,
1109 746 1309 811 innocentius

185 847 390 914 decrescente
418 848 495 912 luna
522 869 619 932 quam
641 858 804 914 crescente
824 847 915 913 fiunt.
954 845 1088 914 Stercus
1109 848 1172 911 nisi
1194 848 1307 913 decre·
1322 870 1371 913 222

186 960 294 1015 scente
315 949 392 1014 luna
412 972 454 1014 ne
476 950 615 1036 tangito,
643 971 792 1015 maxume
814 962 922 1014 autem
943 949 1192 1014 intermenstrua
1214 949 1308 1012 dimi-

185 1051 303 1137 dioque
325 1062 508 1117 stercorato.
546 1050 675 1129 Verris,
702 1051 873 1128 iuvencos,
900 1051 1030 1127 arietes,
1053 1049 1174 1116 hoedos
1196 1051 1307 1115 decre-

185 1163 295 1216 scente
315 1152 394 1218 luna
415 1163 563 1218 castrato.
587 1150 661 1217 Ova
679 1152 757 1215 luna
772 1174 856 1217 nova
871 1152 1053 1238 supponite.
1078 1149 1212 1217 Sorobis
1233 1151 1309 1215 luna

184 1253 282 1338 plena
312 1265 409 1319 noctu
440 1254 546 1318 facite.
584 1251 748 1317 Arborum
777 1252 902 1318 radices
933 1254 1010 1319 luna
1041 1255 1137 1338 plena
1171 1254 1307 1339 operito.

184 1352 315 1420 Umidis
336 1355 415 1425 loeis
435 1354 609 1420 interlunio
631 1354 728 1419 serito
751 1367 783 1419 et
805 1355 890 1420 circa
904 1355 1110 1420 interlunium
1127 1355 1308 1438 quatriduo.

184 1453 344 1520 Veutilari
372 1476 499 1540 quoque
526 1456 690 1520 frumenta
717 1477 755 1520 ac
781 1456 945 1542 legumina
969 1465 1002 1519 et
1024 1455 1117 1520 condi
1144 1457 1229 1520 circa
1251 1477 1308 1519 ex-

185 1567 319 1621 tremam
337 1557 446 1622 lunam
459 1556 581 1635 iubent,
605 1556 784 1635 seminaria,
806 1579 880 1622 oum
901 1557 977 1622 luna
999 1579 1098 1640 supra
1120 1566 1236 1622 terram
1258 1558 1309 1632 sit,

184 1656 265 1735 fieri,
288 1657 404 1723 calcari
425 1667 542 1737 musta,
565 1680 639 1723 cum
660 1659 737 1722 luna
759 1656 821 1723 sub
843 1668 937 1736 terra,
960 1659 1037 1722 item
1053 1658 1201 1723 materias
1217 1657 1308 1722 caedi

185 1778 332 1842 quaeque
363 1759 425 1824 alis
451 1759 519 1823 suis
546 1757 627 1823 loeis
647 1758 798 1823 diximus.
830 1757 944 1843 Neque
971 1769 1021 1824 est
1045 1756 1169 1823 facilior
1197 1757 1306 1822 obser·
1322 1776 1371 1820 222

184 1857 271 1922 vatio
292 1859 416 1924 aciem
437 1858 524 1924 dicta
544 1857 639 1925 nobis
660 1860 803 1925 seeundo
825 1859 1003 1938 volumine,
1026 1858 1084 1926 sed
1104 1860 1191 1944 quod
1213 1859 1306 1923 intel-

75 2036 78 2041 ,
173 1958 294 2046 'legere
307 1959 360 2025 vel
373 1960 483 2025 rustici
496 1961 640 2044 possint:
664 1961 811 2044 quotiens
829 1961 870 2026 ab
890 1961 1056 2027 occidente
1076 1958 1142 2026 sole
1160 1970 1308 2025 cernetur

184 2058 410 2145 prioribusque
431 2061 535 2126 noctis
557 2061 645 2127 horis
666 2061 801 2142 lucebit,
831 2084 979 2128 crescens
1000 2063 1060 2127 erit
1082 2073 1113 2128 et
1134 2062 1235 2127 oculis
1258 2061 1308 2125 di-

184 2160 317 2226 midiata
336 2162 549 2241 iudicabitur,
577 2184 650 2228 cum
671 2186 748 2229 vero
770 2165 936 2230 occidente
959 2164 1024 2231 sole
1046 2164 1166 2229 orietur
1187 2185 1228 2227 ex
1250 2162 1308 2227 ad-

114 2301 117 2305 ·
184 2283 297 2340 verso,
330 2263 375 2329 ita
408 2275 444 2328 ut
477 2263 598 2349 pariter
626 2265 863 2350 adspicientur,
897 2275 966 2329 tum
992 2265 1053 2330 erit
1079 2263 1308 2348 plenilunium3

185 2363 334 2446 quotiens
361 2362 402 2429 ab
429 2376 502 2429 ortu
530 2364 606 2429 solis
628 2365 750 2430 orietur
770 2363 997 2450 prioribusque
1018 2365 1122 2430 noetis
1143 2365 1229 2431 horis
1251 2366 1308 2430 de·

186 2464 290 2547 trnbet
309 2464 418 2530 humen
440 2475 472 2531 et
492 2465 527 2530 in
547 2467 680 2531 diurnas
699 2467 858 2545 extendet,
882 2467 1071 2531 decrescens
1093 2467 1155 2531 erit
1175 2467 1308 2532 iterum-

184 2585 248 2648 que
268 2565 420 2646 dimidia,
448 2567 484 2631 in
505 2567 592 2632 coitu
613 2590 705 2646 vero,
734 2568 821 2652 quod
848 2567 1056 2633 interlunium
1076 2578 1207 2646 vocant,
1236 2590 1309 2633 cum

185 2666 340 2752 adparere
368 2669 509 2735 desierit.
549 2666 657 2754 Supra
685 2679 786 2734 terras
813 2679 921 2734 autem
949 2668 1008 2734 erit
1034 2669 1187 2752 quamdiu
1208 2684 1239 2734 22
1261 2669 1310 2734 sol
1323 2686 1372 2730 324

184 2767 357 2834 interlunio
383 2780 416 2834 et
445 2769 551 2856 prima
579 2779 647 2834 tota
673 2769 743 2847 die,
776 2771 920 2836 secunda
949 2769 1046 2835 horae
1079 2770 1183 2836 noctis
1215 2770 1310 2835 unius

185 2868 339 2935 dextante
358 2869 490 2946 sicilico,
510 2892 550 2934 ac
564 2869 681 2935 deinde
696 2870 790 2934 tertia
805 2880 837 2935 et
855 2918 885 2935 ..
900 2893 1003 2956 usque
1017 2893 1074 2936 xv.
1090 2871 1309 2956 multiplicatis

184 2967 336 3034 horarum
349 2970 463 3034 iisdem
477 2968 695 3056 portionibus;
717 2993 774 3035 xv.
797 2980 864 3036 tota
885 2985 984 3057 supra
1006 2982 1107 3036 terras
1129 2983 1226 3036 noctu
1249 2972 1309 3036 erit
1418 3054 1421 3059 Ι

184 3069 361 3154 eademque
382 3071 442 3136 sub
458 3072 551 3137 terris
565 3081 630 3137 tota
644 3070 705 3136 die.
727 3093 797 3136 xvr.
819 3073 860 3138 ad
881 3072 1004 3159 primae
1023 3072 1120 3138 horae
1134 3086 1310 3139 nocturnae
1324 3089 1372 3133 225

186 3170 371 3237 dextantem
393 3172 546 3239 sicilicum
568 3173 628 3239 sub
651 3184 735 3239 terra
756 3184 832 3262 aget
853 3174 1047 3258 easdemque
1067 3175 1230 3261 portiones
1251 3173 1309 3238 ho-

189 3445 207 3496 d
221 3383 306 3497 §tm
318 3378 449 3500 dVerys'lias
465 3395 552 3446 georg.
567 3388 588 3444 l,
601 3386 659 3434 ato.
679 3423 709 3432 -
733 3388 825 3431 recatus
836 3389 860 3430 et
870 3380 974 3432 Hesiodi
983 3381 1106 3442 rationem,
1118 3382 1185 3431 Pint.
1205 3421 1236 3429 -
1261 3388 1311 3427 ton-

205 3465 237 3498 22
247 3466 284 3511 ur,
296 3466 313 3500 2
336 3486 342 3501 .

221 3545 307 3606 §322
331 3543 433 3592 222222
445 3551 531 3605 autem,
543 3545 594 3594 Ta
618 3543 727 3605 222222,
739 3539 810 3606 ἁβγ.
828 3582 860 3591 -
883 3548 988 3591 nocta..
997 3539 1143 3603 lunaribus,
1159 3554 1210 3588 om.
1224 3543 1259 3587 a'.
1280 3581 1310 3588 ,

188 3609 303 3670 1222222
316 3651 348 3661 ..
368 3609 545 3675 quadriduqsa
562 3652 593 3661 ..
610 3609 728 3675 sitfieri3
746 3625 793 3675 pro
805 3611 846 3659 his
858 3624 898 3658 vv.
910 3606 1124 3672 habetsefim'a,
1142 3606 1225 3670 efferri
1236 3608 1259 3655 d.
1281 3649 1311 3656 -

188 3676 311 3741 materias,
324 3680 349 3728 d.
368 3678 468 3742 marius,
479 3695 503 3729 a.
522 3677 638 3740 materies,
649 3674 679 3740 β.

221 3774 307 3835 §m
325 3771 475 3836 cstsccilsbr,
487 3774 532 3822 ad.
551 3770 655 3835 sacilrbr
666 3779 708 3832 est,
719 3767 770 3833 βγ.
791 3811 821 3818 -
839 3769 912 3829 nobis,
925 3771 949 3818 d.
967 3767 1040 3828 22212,
1053 3782 1075 3816 a.
1094 3763 1260 3831 222212,βγ.
1280 3810 1310 3817 ..

188 3837 415 3888 mcundovolumine
428 3843 442 3903 §
457 3846 496 3890 58.
515 3879 546 3888 ..
566 3838 609 3901 sol,
622 3842 646 3889 d.
666 3881 697 3888 -
716 3837 861 3897 22212222.
880 3877 910 3885 ..
930 3835 1009 3898 itaut,
1023 3838 1046 3886 d.
1064 3835 1141 3895 itaet,
1154 3852 1176 3885 2.
1197 3877 1227 3884 ..
1247 3836 1312 3899 aspi-

188 3905 344 3968 2222222212
368 3907 551 3971 22222οὸ2222,
568 3908 626 3956 adt
647 3947 677 3956 -
701 3901 905 3967 212222222εοὶ12,
921 3905 987 3954 Pint
1012 3945 1038 3953 -
1061 3902 1178 3964 detrahet,
1191 3907 1215 3954 d.
1239 3901 1312 3952 etde-

190 3972 290 4033 troita.
309 4015 340 4024 ..
359 3972 471 4036 extendit,
483 3990 506 4024 2.
526 4016 556 4026 ..
577 3973 728 4032 maseato,
741 3974 766 4021 d.
786 4012 816 4022 ..
836 3970 927 4032 iterum,
940 3973 971 4020 T.

223 4057 309 4118 §m
334 4067 388 4121 toto,
400 4075 424 4110 2.
443 4100 474 4108 ..
500 4058 573 4109 loros
584 4058 658 4106 noctis
669 4057 738 4106 unius
748 4055 859 4104 dextante
870 4055 967 4118 sicilico,
979 4058 1092 4120 Barbas,
1109 4059 1200 4121 partim
1213 4073 1227 4106 e
1240 4058 1311 4106 codd.

191 4124 251 4175 bora
262 4127 335 4176 nocua
346 4127 415 4175 anias
426 4124 529 4175 ds‘ataste
540 4125 614 4185 silico,
627 4140 649 4175 a
673 4123 733 4172 born
744 4123 818 4173 noetis
829 4123 897 4173 anias
909 4123 1019 4173 dextante
1030 4123 1105 4187 silico,
1116 4128 1149 4176 D.
1168 4124 1228 4174 hora
1240 4123 1313 4172 noctis

191 4191 260 4242 22122
275 4193 390 4245 deam
405 4192 466 4256 ilico,
484 4197 508 4245 d.
535 4193 595 4242 horo
610 4191 684 4241 nocta
700 4191 769 4240 unius
786 4199 884 4240 22222222
899 4191 974 4250 silico,
987 4194 1008 4244 P
1020 4196 1088 4257 apud
1100 4194 1155 4243 Ian.
1169 4195 1235 4243 obss.
1247 4193 1312 4241 eritt.

191 4277 216 4326 p.
226 4266 284 4313 422.
302 4262 403 4313 Nomen
415 4261 488 4311 222222
499 4263 578 4313 Hand.
589 4269 614 4311 et
621 4275 640 4323 y
650 4260 711 4310 vitio
724 4275 857 4323 operarum
870 4262 951 4312 omitt.
968 4303 996 4310 ..
1018 4260 1087 4310 tertia
1100 4269 1129 4323 et,
1142 4261 1215 4311 Tad.
1236 4259 1311 4319 2222,
