<?xml version="1.0" encoding="UTF-8"?>
<!DOCTYPE html PUBLIC "-//W3C//DTD XHTML 1.0 Transitional//EN"
    "http://www.w3.org/TR/xhtml1/DTD/xhtml1-transitional.dtd">
<html xmlns="http://www.w3.org/1999/xhtml" xml:lang="en" lang="en">
 <head>
  <title>
</title>
<meta http-equiv="Content-Type" content="text/html;charset=utf-8" />
  <meta name='ocr-system' content='tesseract 3.04.00' />
  <meta name='ocr-capabilities' content='ocr_page ocr_carea ocr_par ocr_line ocrx_word'/>
</head>
<body>
  <div class='ocr_page' id='page_1' title='image "./cplinisecundina11plingoog_0254.png"; bbox 0 0 2896 4792; ppageno 0'>
   <div class='ocr_carea' id='block_1_1' title="bbox 399 270 1273 335">
    <p class='ocr_par' dir='ltr' id='par_1_1' title="bbox 399 270 1273 335">
     <span class='ocr_line' id='line_1_1' title="bbox 399 270 1273 335; baseline -0.005 -1"><span class='ocrx_word' id='word_1_1' title='bbox 399 289 468 334; x_wconf 80' lang='lat' dir='ltr'><strong>nm.</strong></span> <span class='ocrx_word' id='word_1_2' title='bbox 484 289 559 335; x_wconf 78' lang='lat' dir='ltr'><strong>xix.</strong></span> <span class='ocrx_word' id='word_1_3' title='bbox 587 288 666 334; x_wconf 75' lang='lat' dir='ltr'><strong>cur.</strong></span> <span class='ocrx_word' id='word_1_4' title='bbox 681 289 732 334; x_wconf 92' lang='lat'><strong>111.</strong></span> <span class='ocrx_word' id='word_1_5' title='bbox 748 288 797 333; x_wconf 80' lang='grc' dir='ltr'><strong>ιν.</strong></span> <span class='ocrx_word' id='word_1_6' title='bbox 821 285 923 333; x_wconf 77' lang='lat' dir='ltr'><strong>anor.</strong></span> <span class='ocrx_word' id='word_1_7' title='bbox 943 289 961 328; x_wconf 82' lang='lat' dir='ltr'><strong>n</strong></span> <span class='ocrx_word' id='word_1_8' title='bbox 993 290 1020 329; x_wconf 84' lang='lat' dir='ltr'><strong>u.</strong></span> <span class='ocrx_word' id='word_1_9' title='bbox 1212 270 1273 333; x_wconf 71' lang='lat'><strong>247</strong></span> 
     </span>
    </p>
   </div>
   <div class='ocr_carea' id='block_1_2' title="bbox 79 436 1367 2449">
    <p class='ocr_par' dir='ltr' id='par_1_2' title="bbox 79 436 1367 2449">
     <span class='ocr_line' id='line_1_2' title="bbox 151 436 1274 528; baseline -0.005 -20"><span class='ocrx_word' id='word_1_10' title='bbox 151 453 266 528; x_wconf 84' lang='lat' dir='ltr'><strong>suapte</strong></span> <span class='ocrx_word' id='word_1_11' title='bbox 285 452 400 505; x_wconf 89' lang='lat' dir='ltr'><strong>natura</strong></span> <span class='ocrx_word' id='word_1_12' title='bbox 421 439 667 515; x_wconf 74' lang='lat' dir='ltr'><strong>memorandam,</strong></span> <span class='ocrx_word' id='word_1_13' title='bbox 690 448 721 503; x_wconf 91' lang='lat' dir='ltr'><strong>et</strong></span> <span class='ocrx_word' id='word_1_14' title='bbox 740 437 891 522; x_wconf 90' lang='lat' dir='ltr'><strong>qnoniam</strong></span> <span class='ocrx_word' id='word_1_15' title='bbox 905 436 1077 520; x_wconf 78' lang='lat' dir='ltr'><strong>antiquitas</strong></span> <span class='ocrx_word' id='word_1_16' title='bbox 1092 437 1170 502; x_wconf 90' lang='lat' dir='ltr'>nihil</span> <span class='ocrx_word' id='word_1_17' title='bbox 1184 438 1274 523; x_wconf 87' lang='lat' dir='ltr'><strong>prius</strong></span> 
     </span>
     <span class='ocr_line' id='line_1_3' title="bbox 150 538 1274 626; baseline -0.004 -17"><span class='ocrx_word' id='word_1_18' title='bbox 150 543 266 609; x_wconf 84' lang='lat' dir='ltr'><strong>mirata</strong></span> <span class='ocrx_word' id='word_1_19' title='bbox 296 552 347 608; x_wconf 90' lang='lat' dir='ltr'><strong>est</strong></span> <span class='ocrx_word' id='word_1_20' title='bbox 378 550 474 625; x_wconf 82' lang='lat' dir='ltr'><strong>quam</strong></span> <span class='ocrx_word' id='word_1_21' title='bbox 500 539 719 626; x_wconf 82' lang='lat' dir='ltr'><strong>Hesperidum</strong></span> <span class='ocrx_word' id='word_1_22' title='bbox 745 539 855 604; x_wconf 88' lang='lat' dir='ltr'><strong>hortos</strong></span> <span class='ocrx_word' id='word_1_23' title='bbox 882 561 921 603; x_wconf 88' lang='lat' dir='ltr'><strong>ao</strong></span> <span class='ocrx_word' id='word_1_24' title='bbox 947 561 1059 624; x_wconf 83' lang='lat' dir='ltr'><strong>regum</strong></span> <span class='ocrx_word' id='word_1_25' title='bbox 1088 538 1214 603; x_wconf 92' lang='lat' dir='ltr'><strong>Adonis</strong></span> <span class='ocrx_word' id='word_1_26' title='bbox 1242 552 1274 604; x_wconf 88' lang='lat' dir='ltr'><strong>et</strong></span> 
     </span>
     <span class='ocr_line' id='line_1_4' title="bbox 149 637 1367 727; baseline -0.002 -18"><span class='ocrx_word' id='word_1_27' title='bbox 149 642 289 721; x_wconf 88' lang='lat' dir='ltr'><strong>Alcinoi,</strong></span> <span class='ocrx_word' id='word_1_28' title='bbox 310 642 452 726; x_wconf 84' lang='lat' dir='ltr'><strong>itemque</strong></span> <span class='ocrx_word' id='word_1_29' title='bbox 473 640 617 727; x_wconf 89' lang='lat' dir='ltr'><strong>pensilis,</strong></span> <span class='ocrx_word' id='word_1_30' title='bbox 641 641 708 706; x_wconf 88' lang='lat' dir='ltr'><strong>eive</strong></span> <span class='ocrx_word' id='word_1_31' title='bbox 728 640 800 706; x_wconf 89' lang='lat' dir='ltr'><strong>illos</strong></span> <span class='ocrx_word' id='word_1_32' title='bbox 827 637 1011 705; x_wconf 81' lang='lat' dir='ltr'><strong>Semiramis</strong></span> <span class='ocrx_word' id='word_1_33' title='bbox 1034 640 1102 705; x_wconf 88' lang='lat' dir='ltr'><strong>sive</strong></span> <span class='ocrx_word' id='word_1_34' title='bbox 1116 640 1274 726; x_wconf 74' lang='lat' dir='ltr'><strong>Assyriae</strong></span> <span class='ocrx_word' id='word_1_35' title='bbox 1364 649 1367 653; x_wconf 83' lang='grc'><strong>’</strong></span> 
     </span>
     <span class='ocr_line' id='line_1_5' title="bbox 149 740 1338 841; baseline -0.002 -32"><span class='ocrx_word' id='word_1_36' title='bbox 149 753 207 809; x_wconf 74' lang='lat' dir='ltr'><strong>r‘ox</strong></span> <span class='ocrx_word' id='word_1_37' title='bbox 229 740 449 830; x_wconf 72' lang='lat' dir='ltr'><strong>Cyrusisoit,</strong></span> <span class='ocrx_word' id='word_1_38' title='bbox 482 742 524 808; x_wconf 91' lang='lat' dir='ltr'><strong>de</strong></span> <span class='ocrx_word' id='word_1_39' title='bbox 551 764 688 827; x_wconf 91' lang='lat' dir='ltr'><strong>quorum</strong></span> <span class='ocrx_word' id='word_1_40' title='bbox 715 763 812 826; x_wconf 90' lang='lat' dir='ltr'><strong>opere</strong></span> <span class='ocrx_word' id='word_1_41' title='bbox 842 741 903 806; x_wconf 86' lang='lat' dir='ltr'><strong>alio</strong></span> <span class='ocrx_word' id='word_1_42' title='bbox 930 740 1092 807; x_wconf 86' lang='lat' dir='ltr'><strong>volumine</strong></span> <span class='ocrx_word' id='word_1_43' title='bbox 1118 741 1272 807; x_wconf 88' lang='lat' dir='ltr'><strong>dicemus.</strong></span> <span class='ocrx_word' id='word_1_44' title='bbox 1334 828 1338 841; x_wconf 35' lang='grc'><strong>,</strong></span> 
     </span>
     <span class='ocr_line' id='line_1_6' title="bbox 149 839 1319 931; baseline -0.005 -21"><span class='ocrx_word' id='word_1_45' title='bbox 149 843 286 910; x_wconf 82' lang='lat' dir='ltr'><strong>Romani</strong></span> <span class='ocrx_word' id='word_1_46' title='bbox 308 843 439 928; x_wconf 92' lang='lat' dir='ltr'><strong>quidem</strong></span> <span class='ocrx_word' id='word_1_47' title='bbox 459 866 554 931; x_wconf 86' lang='lat' dir='ltr'><strong>reges</strong></span> <span class='ocrx_word' id='word_1_48' title='bbox 576 842 639 929; x_wconf 88' lang='lat' dir='ltr'><strong>ipsi</strong></span> <span class='ocrx_word' id='word_1_49' title='bbox 661 844 804 920; x_wconf 85' lang='lat' dir='ltr'><strong>coluere3</strong></span> <span class='ocrx_word' id='word_1_50' title='bbox 838 842 958 928; x_wconf 91' lang='lat' dir='ltr'><strong>quippe</strong></span> <span class='ocrx_word' id='word_1_51' title='bbox 985 843 1080 907; x_wconf 88' lang='lat' dir='ltr'><strong>etiam</strong></span> <span class='ocrx_word' id='word_1_52' title='bbox 1104 839 1273 928; x_wconf 85' lang='lat' dir='ltr'><strong>Superbus</strong></span> <span class='ocrx_word' id='word_1_53' title='bbox 1288 861 1319 904; x_wconf 81' lang='lat' dir='ltr'><strong>so</strong></span> 
     </span>
     <span class='ocr_line' id='line_1_7' title="bbox 79 942 1272 1030; baseline -0.004 -18"><span class='ocrx_word' id='word_1_54' title='bbox 79 942 81 946; x_wconf 65' lang='grc'><strong>’</strong></span> <span class='ocrx_word' id='word_1_55' title='bbox 149 945 297 1012; x_wconf 88' lang='lat' dir='ltr'><strong>nuntium</strong></span> <span class='ocrx_word' id='word_1_56' title='bbox 321 945 412 1010; x_wconf 91' lang='lat' dir='ltr'><strong>illum</strong></span> <span class='ocrx_word' id='word_1_57' title='bbox 440 967 570 1011; x_wconf 89' lang='lat' dir='ltr'><strong>saevom</strong></span> <span class='ocrx_word' id='word_1_58' title='bbox 595 955 692 1029; x_wconf 90' lang='lat' dir='ltr'><strong>atque</strong></span> <span class='ocrx_word' id='word_1_59' title='bbox 721 943 961 1030; x_wconf 83' lang='lat' dir='ltr'><strong>sanguinarium</strong></span> <span class='ocrx_word' id='word_1_60' title='bbox 988 942 1054 1008; x_wconf 88' lang='lat' dir='ltr'><strong>filio</strong></span> <span class='ocrx_word' id='word_1_61' title='bbox 1082 943 1205 1007; x_wconf 87' lang='lat' dir='ltr'><strong>remisit</strong></span> <span class='ocrx_word' id='word_1_62' title='bbox 1233 965 1272 1008; x_wconf 87' lang='lat' dir='ltr'><strong>ex</strong></span> 
     </span>
     <span class='ocr_line' id='line_1_8' title="bbox 148 1044 1273 1132; baseline -0.001 -21"><span class='ocrx_word' id='word_1_63' title='bbox 148 1047 251 1113; x_wconf 90' lang='lat' dir='ltr'><strong>horto.</strong></span> <span class='ocrx_word' id='word_1_64' title='bbox 288 1046 333 1111; x_wconf 85' lang='lat' dir='ltr'><strong>ln</strong></span> <span class='ocrx_word' id='word_1_65' title='bbox 349 1070 399 1111; x_wconf 84' lang='lat' dir='ltr'><strong>xn</strong></span> <span class='ocrx_word' id='word_1_66' title='bbox 421 1047 539 1112; x_wconf 84' lang='lat' dir='ltr'><strong>tabulis</strong></span> <span class='ocrx_word' id='word_1_67' title='bbox 565 1048 672 1132; x_wconf 86' lang='lat' dir='ltr'><strong>legum</strong></span> <span class='ocrx_word' id='word_1_68' title='bbox 701 1055 881 1113; x_wconf 88' lang='lat' dir='ltr'><strong>nostrarum</strong></span> <span class='ocrx_word' id='word_1_69' title='bbox 907 1066 1065 1128; x_wconf 83' lang='lat' dir='ltr'><strong>nusquam</strong></span> <span class='ocrx_word' id='word_1_70' title='bbox 1092 1044 1273 1110; x_wconf 89' lang='lat' dir='ltr'><strong>nominatur</strong></span> 
     </span>
     <span class='ocr_line' id='line_1_9' title="bbox 149 1145 1273 1234; baseline -0.006 -17"><span class='ocrx_word' id='word_1_71' title='bbox 149 1147 234 1226; x_wconf 82' lang='lat' dir='ltr'><strong>villa,</strong></span> <span class='ocrx_word' id='word_1_72' title='bbox 256 1170 383 1234; x_wconf 88' lang='lat' dir='ltr'><strong>semper</strong></span> <span class='ocrx_word' id='word_1_73' title='bbox 403 1148 437 1212; x_wconf 90' lang='lat' dir='ltr'><strong>in</strong></span> <span class='ocrx_word' id='word_1_74' title='bbox 460 1147 692 1233; x_wconf 86' lang='lat' dir='ltr'><strong>significatione</strong></span> <span class='ocrx_word' id='word_1_75' title='bbox 715 1169 754 1212; x_wconf 88' lang='lat' dir='ltr'><strong>sa</strong></span> <span class='ocrx_word' id='word_1_76' title='bbox 776 1147 898 1225; x_wconf 87' lang='lat' dir='ltr'><strong>hortus,</strong></span> <span class='ocrx_word' id='word_1_77' title='bbox 921 1145 955 1209; x_wconf 92' lang='lat' dir='ltr'><strong>in</strong></span> <span class='ocrx_word' id='word_1_78' title='bbox 976 1145 1060 1210; x_wconf 92' lang='lat' dir='ltr'><strong>horti</strong></span> <span class='ocrx_word' id='word_1_79' title='bbox 1082 1168 1159 1211; x_wconf 91' lang='lat' dir='ltr'><strong>vero</strong></span> <span class='ocrx_word' id='word_1_80' title='bbox 1179 1146 1273 1211; x_wconf 92' lang='lat' dir='ltr'><strong>here-</strong></span> 
     </span>
     <span class='ocr_line' id='line_1_10' title="bbox 148 1246 1323 1333; baseline 0 -21"><span class='ocrx_word' id='word_1_81' title='bbox 148 1247 248 1327; x_wconf 88' lang='lat' dir='ltr'><strong>dium,</strong></span> <span class='ocrx_word' id='word_1_82' title='bbox 270 1271 367 1333; x_wconf 90' lang='lat' dir='ltr'><strong>quam</strong></span> <span class='ocrx_word' id='word_1_83' title='bbox 389 1249 432 1314; x_wconf 89' lang='lat' dir='ltr'><strong>ob</strong></span> <span class='ocrx_word' id='word_1_84' title='bbox 452 1272 520 1315; x_wconf 90' lang='lat' dir='ltr'><strong>rem</strong></span> <span class='ocrx_word' id='word_1_85' title='bbox 535 1249 686 1314; x_wconf 85' lang='lat' dir='ltr'><strong>comitata</strong></span> <span class='ocrx_word' id='word_1_86' title='bbox 708 1259 758 1313; x_wconf 90' lang='lat' dir='ltr'><strong>est</strong></span> <span class='ocrx_word' id='word_1_87' title='bbox 779 1258 810 1313; x_wconf 87' lang='lat' dir='ltr'><strong>et</strong></span> <span class='ocrx_word' id='word_1_88' title='bbox 831 1247 946 1333; x_wconf 81' lang='lat' dir='ltr'><strong>religio</strong></span> <span class='ocrx_word' id='word_1_89' title='bbox 966 1248 1139 1332; x_wconf 83' lang='lat' dir='ltr'><strong>quaedam,</strong></span> <span class='ocrx_word' id='word_1_90' title='bbox 1162 1246 1272 1312; x_wconf 88' lang='lat' dir='ltr'><strong>horto-</strong></span> <span class='ocrx_word' id='word_1_91' title='bbox 1315 1312 1323 1323; x_wconf 59' lang='lat'><strong>.</strong></span> 
     </span>
     <span class='ocr_line' id='line_1_11' title="bbox 147 1348 1273 1433; baseline -0.002 -20"><span class='ocrx_word' id='word_1_92' title='bbox 147 1370 210 1433; x_wconf 89' lang='lat' dir='ltr'><strong>qne</strong></span> <span class='ocrx_word' id='word_1_93' title='bbox 231 1363 265 1414; x_wconf 88' lang='lat' dir='ltr'><strong>et</strong></span> <span class='ocrx_word' id='word_1_94' title='bbox 285 1350 353 1415; x_wconf 82' lang='lat' dir='ltr'><strong>foro</strong></span> <span class='ocrx_word' id='word_1_95' title='bbox 376 1360 499 1414; x_wconf 88' lang='lat' dir='ltr'><strong>tantum</strong></span> <span class='ocrx_word' id='word_1_96' title='bbox 522 1359 631 1416; x_wconf 87' lang='lat' dir='ltr'><strong>contra</strong></span> <span class='ocrx_word' id='word_1_97' title='bbox 652 1348 866 1415; x_wconf 87' lang='lat' dir='ltr'><strong>invidentium</strong></span> <span class='ocrx_word' id='word_1_98' title='bbox 893 1349 1150 1415; x_wconf 84' lang='lat' dir='ltr'><strong>effascinationes</strong></span> <span class='ocrx_word' id='word_1_99' title='bbox 1172 1348 1273 1414; x_wconf 88' lang='lat' dir='ltr'><strong>dicari</strong></span> 
     </span>
     <span class='ocr_line' id='line_1_12' title="bbox 147 1450 1272 1540; baseline -0.002 -24"><span class='ocrx_word' id='word_1_100' title='bbox 147 1450 293 1516; x_wconf 88' lang='lat' dir='ltr'><strong>videmus</strong></span> <span class='ocrx_word' id='word_1_101' title='bbox 313 1451 347 1515; x_wconf 91' lang='lat' dir='ltr'><strong>in</strong></span> <span class='ocrx_word' id='word_1_102' title='bbox 368 1451 511 1516; x_wconf 90' lang='lat' dir='ltr'><strong>remedio</strong></span> <span class='ocrx_word' id='word_1_103' title='bbox 533 1450 672 1536; x_wconf 85' lang='lat' dir='ltr'><strong>satyrica</strong></span> <span class='ocrx_word' id='word_1_104' title='bbox 693 1451 797 1538; x_wconf 86' lang='lat' dir='ltr'><strong>signa,</strong></span> <span class='ocrx_word' id='word_1_105' title='bbox 820 1472 1014 1534; x_wconf 86' lang='lat' dir='ltr'><strong>quamquam</strong></span> <span class='ocrx_word' id='word_1_106' title='bbox 1032 1450 1140 1515; x_wconf 89' lang='lat' dir='ltr'><strong>hortos</strong></span> <span class='ocrx_word' id='word_1_107' title='bbox 1155 1450 1272 1540; x_wconf 80' lang='lat' dir='ltr'><strong>tutelae</strong></span> 
     </span>
     <span class='ocr_line' id='line_1_13' title="bbox 148 1549 1313 1639; baseline -0.006 -21"><span class='ocrx_word' id='word_1_108' title='bbox 148 1550 287 1618; x_wconf 87' lang='lat' dir='ltr'><strong>Veneris</strong></span> <span class='ocrx_word' id='word_1_109' title='bbox 309 1551 501 1639; x_wconf 80' lang='lat' dir='ltr'><strong>adsignante</strong></span> <span class='ocrx_word' id='word_1_110' title='bbox 523 1549 647 1618; x_wconf 84' lang='lat' dir='ltr'><strong>Plauto.</strong></span> <span class='ocrx_word' id='word_1_111' title='bbox 669 1551 739 1616; x_wconf 87' lang='lat' dir='ltr'><strong>Iam</strong></span> <span class='ocrx_word' id='word_1_112' title='bbox 762 1550 891 1635; x_wconf 91' lang='lat' dir='ltr'><strong>quidem</strong></span> <span class='ocrx_word' id='word_1_113' title='bbox 913 1552 1076 1617; x_wconf 86' lang='lat' dir='ltr'><strong>hortorum</strong></span> <span class='ocrx_word' id='word_1_114' title='bbox 1089 1551 1218 1617; x_wconf 90' lang='lat' dir='ltr'><strong>nomine</strong></span> <span class='ocrx_word' id='word_1_115' title='bbox 1238 1550 1271 1619; x_wconf 90' lang='lat' dir='ltr'><strong>in</strong></span> <span class='ocrx_word' id='word_1_116' title='bbox 1287 1567 1313 1611; x_wconf 82' lang='lat'><strong>51</strong></span> 
     </span>
     <span class='ocr_line' id='line_1_14' title="bbox 146 1650 1271 1742; baseline 0 -27"><span class='ocrx_word' id='word_1_117' title='bbox 146 1653 218 1739; x_wconf 88' lang='lat' dir='ltr'><strong>ipsa</strong></span> <span class='ocrx_word' id='word_1_118' title='bbox 238 1653 319 1718; x_wconf 89' lang='lat' dir='ltr'><strong>urbe</strong></span> <span class='ocrx_word' id='word_1_119' title='bbox 341 1652 484 1733; x_wconf 85' lang='lat' dir='ltr'><strong>delicias,</strong></span> <span class='ocrx_word' id='word_1_120' title='bbox 507 1675 603 1742; x_wconf 84' lang='lat' dir='ltr'><strong>agros</strong></span> <span class='ocrx_word' id='word_1_121' title='bbox 624 1654 779 1737; x_wconf 87' lang='lat' dir='ltr'><strong>villasque</strong></span> <span class='ocrx_word' id='word_1_122' title='bbox 801 1653 978 1739; x_wconf 89' lang='lat' dir='ltr'><strong>possident.</strong></span> <span class='ocrx_word' id='word_1_123' title='bbox 1001 1653 1132 1719; x_wconf 90' lang='lat' dir='ltr'><strong>Primus</strong></span> <span class='ocrx_word' id='word_1_124' title='bbox 1146 1650 1206 1718; x_wconf 91' lang='lat' dir='ltr'><strong>hoc</strong></span> <span class='ocrx_word' id='word_1_125' title='bbox 1220 1651 1271 1715; x_wconf 89' lang='lat' dir='ltr'><strong>in·</strong></span> 
     </span>
     <span class='ocr_line' id='line_1_15' title="bbox 147 1753 1271 1845; baseline -0.003 -24"><span class='ocrx_word' id='word_1_126' title='bbox 147 1753 251 1821; x_wconf 87' lang='lat' dir='ltr'><strong>stituit</strong></span> <span class='ocrx_word' id='word_1_127' title='bbox 271 1754 409 1819; x_wconf 89' lang='lat' dir='ltr'><strong>Athenis</strong></span> <span class='ocrx_word' id='word_1_128' title='bbox 431 1754 594 1844; x_wconf 82' lang='lat' dir='ltr'><strong>Epicurus</strong></span> <span class='ocrx_word' id='word_1_129' title='bbox 615 1756 660 1820; x_wconf 92' lang='lat' dir='ltr'><strong>oti</strong></span> <span class='ocrx_word' id='word_1_130' title='bbox 681 1755 851 1845; x_wconf 84' lang='lat' dir='ltr'><strong>magister3</strong></span> <span class='ocrx_word' id='word_1_131' title='bbox 889 1778 992 1839; x_wconf 93' lang='lat' dir='ltr'><strong>usque</strong></span> <span class='ocrx_word' id='word_1_132' title='bbox 1014 1754 1056 1819; x_wconf 91' lang='lat' dir='ltr'><strong>ad</strong></span> <span class='ocrx_word' id='word_1_133' title='bbox 1079 1777 1153 1820; x_wconf 91' lang='lat' dir='ltr'><strong>eum</strong></span> <span class='ocrx_word' id='word_1_134' title='bbox 1173 1753 1271 1818; x_wconf 91' lang='lat' dir='ltr'><strong>moris</strong></span> 
     </span>
     <span class='ocr_line' id='line_1_16' title="bbox 146 1855 1271 1943; baseline 0.001 -25"><span class='ocrx_word' id='word_1_135' title='bbox 146 1877 210 1919; x_wconf 92' lang='lat' dir='ltr'><strong>non</strong></span> <span class='ocrx_word' id='word_1_136' title='bbox 235 1855 340 1921; x_wconf 83' lang='lat' dir='ltr'><strong>fuerat</strong></span> <span class='ocrx_word' id='word_1_137' title='bbox 364 1855 398 1921; x_wconf 93' lang='lat' dir='ltr'><strong>in</strong></span> <span class='ocrx_word' id='word_1_138' title='bbox 425 1856 553 1943; x_wconf 90' lang='lat' dir='ltr'><strong>oppidis</strong></span> <span class='ocrx_word' id='word_1_139' title='bbox 580 1856 717 1922; x_wconf 87' lang='lat' dir='ltr'><strong>habitari</strong></span> <span class='ocrx_word' id='word_1_140' title='bbox 738 1879 824 1930; x_wconf 84' lang='lat' dir='ltr'><strong>rura.</strong></span> <span class='ocrx_word' id='word_1_141' title='bbox 862 1856 983 1922; x_wconf 87' lang='lat' dir='ltr'><strong>Romae</strong></span> <span class='ocrx_word' id='word_1_142' title='bbox 1006 1855 1135 1941; x_wconf 91' lang='lat' dir='ltr'><strong>quidem</strong></span> <span class='ocrx_word' id='word_1_143' title='bbox 1155 1877 1215 1942; x_wconf 90' lang='lat' dir='ltr'><strong>per</strong></span> <span class='ocrx_word' id='word_1_144' title='bbox 1236 1877 1271 1921; x_wconf 90' lang='lat' dir='ltr'><strong>se</strong></span> 
     </span>
     <span class='ocr_line' id='line_1_17' title="bbox 145 1955 1270 2046; baseline 0.001 -27"><span class='ocrx_word' id='word_1_145' title='bbox 145 1955 255 2022; x_wconf 85' lang='lat' dir='ltr'><strong>hortus</strong></span> <span class='ocrx_word' id='word_1_146' title='bbox 276 1978 355 2045; x_wconf 81' lang='lat' dir='ltr'><strong>ager</strong></span> <span class='ocrx_word' id='word_1_147' title='bbox 375 1957 528 2046; x_wconf 90' lang='lat' dir='ltr'><strong>pauperis</strong></span> <span class='ocrx_word' id='word_1_148' title='bbox 551 1969 637 2034; x_wconf 89' lang='lat' dir='ltr'><strong>erat;</strong></span> <span class='ocrx_word' id='word_1_149' title='bbox 661 1981 702 2023; x_wconf 85' lang='lat' dir='ltr'><strong>ex</strong></span> <span class='ocrx_word' id='word_1_150' title='bbox 723 1958 815 2023; x_wconf 90' lang='lat' dir='ltr'><strong>horto</strong></span> <span class='ocrx_word' id='word_1_151' title='bbox 830 1957 935 2044; x_wconf 90' lang='lat' dir='ltr'><strong>plebei</strong></span> <span class='ocrx_word' id='word_1_152' title='bbox 949 1958 1129 2033; x_wconf 79' lang='lat' dir='ltr'><strong>macellum,</strong></span> <span class='ocrx_word' id='word_1_153' title='bbox 1151 1966 1270 2040; x_wconf 90' lang='lat' dir='ltr'><strong>quanto</strong></span> 
     </span>
     <span class='ocr_line' id='line_1_18' title="bbox 144 2046 1315 2148; baseline -0.004 -25"><span class='ocrx_word' id='word_1_154' title='bbox 144 2046 360 2125; x_wconf 87' lang='lat' dir='ltr'><strong>innocentiore</strong></span> <span class='ocrx_word' id='word_1_155' title='bbox 382 2058 485 2125; x_wconf 87' lang='lat' dir='ltr'><strong>victul</strong></span> <span class='ocrx_word' id='word_1_156' title='bbox 521 2056 632 2148; x_wconf 86' lang='lat' dir='ltr'><strong>Mergi</strong></span> <span class='ocrx_word' id='word_1_157' title='bbox 653 2059 754 2136; x_wconf 91' lang='lat' dir='ltr'><strong>enim,</strong></span> <span class='ocrx_word' id='word_1_158' title='bbox 782 2059 893 2137; x_wconf 88' lang='lat' dir='ltr'><strong>oredo,</strong></span> <span class='ocrx_word' id='word_1_159' title='bbox 923 2059 957 2123; x_wconf 92' lang='lat' dir='ltr'><strong>in</strong></span> <span class='ocrx_word' id='word_1_160' title='bbox 984 2058 1144 2145; x_wconf 81' lang='lat' dir='ltr'><strong>profunda</strong></span> <span class='ocrx_word' id='word_1_161' title='bbox 1171 2057 1270 2122; x_wconf 91' lang='lat' dir='ltr'><strong>satius</strong></span> <span class='ocrx_word' id='word_1_162' title='bbox 1283 2074 1315 2118; x_wconf 73' lang='lat' dir='ltr'><strong>aa</strong></span> 
     </span>
     <span class='ocr_line' id='line_1_19' title="bbox 144 2157 1269 2249; baseline 0.001 -29"><span class='ocrx_word' id='word_1_163' title='bbox 144 2167 194 2221; x_wconf 90' lang='lat' dir='ltr'><strong>est</strong></span> <span class='ocrx_word' id='word_1_164' title='bbox 215 2169 248 2223; x_wconf 91' lang='lat' dir='ltr'><strong>et</strong></span> <span class='ocrx_word' id='word_1_165' title='bbox 269 2170 447 2224; x_wconf 89' lang='lat' dir='ltr'><strong>ostrearum</strong></span> <span class='ocrx_word' id='word_1_166' title='bbox 468 2182 588 2249; x_wconf 87' lang='lat' dir='ltr'><strong>genera</strong></span> <span class='ocrx_word' id='word_1_167' title='bbox 609 2160 780 2247; x_wconf 86' lang='lat' dir='ltr'><strong>naufragio</strong></span> <span class='ocrx_word' id='word_1_168' title='bbox 803 2161 939 2246; x_wconf 86' lang='lat' dir='ltr'><strong>exquiri,</strong></span> <span class='ocrx_word' id='word_1_169' title='bbox 961 2161 1030 2226; x_wconf 84' lang='lat' dir='ltr'><strong>avis</strong></span> <span class='ocrx_word' id='word_1_170' title='bbox 1051 2160 1135 2225; x_wconf 87' lang='lat' dir='ltr'><strong>ultra</strong></span> <span class='ocrx_word' id='word_1_171' title='bbox 1152 2157 1269 2223; x_wconf 88' lang='lat' dir='ltr'><strong>Phasi-</strong></span> 
     </span>
     <span class='ocr_line' id='line_1_20' title="bbox 144 2257 1268 2347; baseline 0.003 -25"><span class='ocrx_word' id='word_1_172' title='bbox 144 2257 218 2325; x_wconf 92' lang='lat' dir='ltr'><strong>dem</strong></span> <span class='ocrx_word' id='word_1_173' title='bbox 239 2282 371 2331; x_wconf 86' lang='lat' dir='ltr'><strong>amnem</strong></span> <span class='ocrx_word' id='word_1_174' title='bbox 386 2261 455 2347; x_wconf 90' lang='lat' dir='ltr'><strong>peti</strong></span> <span class='ocrx_word' id='word_1_175' title='bbox 477 2272 510 2325; x_wconf 90' lang='lat' dir='ltr'><strong>et</strong></span> <span class='ocrx_word' id='word_1_176' title='bbox 531 2261 678 2328; x_wconf 78' lang='lat' dir='ltr'><strong>fabuloso</strong></span> <span class='ocrx_word' id='word_1_177' title='bbox 699 2262 830 2346; x_wconf 92' lang='lat' dir='ltr'><strong>quidem</strong></span> <span class='ocrx_word' id='word_1_178' title='bbox 852 2273 972 2327; x_wconf 90' lang='lat' dir='ltr'><strong>terrore</strong></span> <span class='ocrx_word' id='word_1_179' title='bbox 988 2274 1083 2339; x_wconf 86' lang='lat' dir='ltr'><strong>tutas,</strong></span> <span class='ocrx_word' id='word_1_180' title='bbox 1104 2261 1200 2325; x_wconf 89' lang='lat' dir='ltr'><strong>immo</strong></span> <span class='ocrx_word' id='word_1_181' title='bbox 1222 2260 1268 2325; x_wconf 87' lang='lat' dir='ltr'><strong>sic</strong></span> 
     </span>
     <span class='ocr_line' id='line_1_21' title="bbox 142 2360 1266 2449; baseline 0.002 -26"><span class='ocrx_word' id='word_1_182' title='bbox 142 2361 361 2445; x_wconf 90' lang='lat' dir='ltr'><strong>pretiosiores,</strong></span> <span class='ocrx_word' id='word_1_183' title='bbox 389 2362 466 2427; x_wconf 83' lang='lat' dir='ltr'><strong>alias</strong></span> <span class='ocrx_word' id='word_1_184' title='bbox 488 2362 521 2426; x_wconf 91' lang='lat' dir='ltr'><strong>in</strong></span> <span class='ocrx_word' id='word_1_185' title='bbox 543 2361 728 2427; x_wconf 89' lang='lat' dir='ltr'><strong>Numidiam</strong></span> <span class='ocrx_word' id='word_1_186' title='bbox 751 2372 848 2445; x_wconf 87' lang='lat' dir='ltr'><strong>atque</strong></span> <span class='ocrx_word' id='word_1_187' title='bbox 869 2362 1064 2447; x_wconf 87' lang='lat' dir='ltr'><strong>Aethiopiae</strong></span> <span class='ocrx_word' id='word_1_188' title='bbox 1086 2360 1266 2449; x_wconf 87' lang='lat' dir='ltr'><strong>sepulchra,</strong></span> 
     </span>
    </p>
   </div>
   <div class='ocr_carea' id='block_1_3' title="bbox 139 2567 1266 3864">
    <p class='ocr_par' dir='ltr' id='par_1_3' title="bbox 140 2567 1266 3223">
     <span class='ocr_line' id='line_1_22' title="bbox 143 2567 1266 2632; baseline 0.001 -18"><span class='ocrx_word' id='word_1_189' title='bbox 143 2581 201 2628; x_wconf 82' lang='lat' dir='ltr'><strong>opus</strong></span> <span class='ocrx_word' id='word_1_190' title='bbox 213 2582 262 2614; x_wconf 77' lang='lat' dir='ltr'><strong>ease</strong></span> <span class='ocrx_word' id='word_1_191' title='bbox 273 2567 377 2616; x_wconf 64' lang='lat' dir='ltr'><strong>modium</strong></span> <span class='ocrx_word' id='word_1_192' title='bbox 389 2568 516 2617; x_wconf 80' lang='lat' dir='ltr'><strong>memoriae</strong></span> <span class='ocrx_word' id='word_1_193' title='bbox 528 2567 649 2632; x_wconf 85' lang='lat' dir='ltr'><strong>proditum</strong></span> <span class='ocrx_word' id='word_1_194' title='bbox 662 2577 703 2628; x_wconf 77' lang='lat' dir='ltr'><strong>est,</strong></span> <span class='ocrx_word' id='word_1_195' title='bbox 720 2584 800 2615; x_wconf 88' lang='lat' dir='ltr'><strong>amore</strong></span> <span class='ocrx_word' id='word_1_196' title='bbox 812 2568 919 2630; x_wconf 62' lang='lat' dir='ltr'><strong>coniugis</strong></span> <span class='ocrx_word' id='word_1_197' title='bbox 930 2567 1023 2628; x_wconf 85' lang='lat' dir='ltr'><strong>uictum,</strong></span> <span class='ocrx_word' id='word_1_198' title='bbox 1042 2567 1112 2616; x_wconf 85' lang='lat' dir='ltr'><strong>Curt.</strong></span> <span class='ocrx_word' id='word_1_199' title='bbox 1133 2567 1167 2615; x_wconf 92' lang='lat' dir='ltr'><strong>V.</strong></span> <span class='ocrx_word' id='word_1_200' title='bbox 1183 2573 1204 2626; x_wconf 92' lang='lat' dir='ltr'><strong>l,</strong></span> <span class='ocrx_word' id='word_1_201' title='bbox 1217 2572 1266 2627; x_wconf 56' lang='grc' dir='ltr'><strong>δᾶ,</strong></span> 
     </span>
     <span class='ocr_line' id='line_1_23' title="bbox 143 2633 1266 2699; baseline 0.002 -18"><span class='ocrx_word' id='word_1_202' title='bbox 143 2633 186 2682; x_wconf 90' lang='lat' dir='ltr'><strong>nbi</strong></span> <span class='ocrx_word' id='word_1_203' title='bbox 202 2649 225 2682; x_wconf 86' lang='lat' dir='ltr'><strong>v.</strong></span> <span class='ocrx_word' id='word_1_204' title='bbox 241 2634 424 2699; x_wconf 61' lang='lat' dir='ltr'><strong>mirrham),</strong></span> <span class='ocrx_word' id='word_1_205' title='bbox 443 2637 573 2698; x_wconf 84' lang='lat' dir='ltr'><strong>vulgatam</strong></span> <span class='ocrx_word' id='word_1_206' title='bbox 590 2637 662 2687; x_wconf 90' lang='lat' dir='ltr'><strong>illam</strong></span> <span class='ocrx_word' id='word_1_207' title='bbox 678 2637 827 2698; x_wconf 84' lang='lat' dir='ltr'><strong>scripturam</strong></span> <span class='ocrx_word' id='word_1_208' title='bbox 844 2636 895 2684; x_wconf 89' lang='lat' dir='ltr'><strong>iam</strong></span> <span class='ocrx_word' id='word_1_209' title='bbox 911 2650 1014 2699; x_wconf 88' lang='lat' dir='ltr'><strong>prorsus</strong></span> <span class='ocrx_word' id='word_1_210' title='bbox 1032 2635 1158 2684; x_wconf 83' lang='lat' dir='ltr'><strong>convincit</strong></span> <span class='ocrx_word' id='word_1_211' title='bbox 1175 2634 1266 2696; x_wconf 87' lang='lat' dir='ltr'><strong>Appu-</strong></span> 
     </span>
     <span class='ocr_line' id='line_1_24' title="bbox 142 2699 1266 2767; baseline -0.001 -17"><span class='ocrx_word' id='word_1_212' title='bbox 142 2701 214 2762; x_wconf 84' lang='lat' dir='ltr'><strong>leius,</strong></span> <span class='ocrx_word' id='word_1_213' title='bbox 232 2717 309 2766; x_wconf 87' lang='lat' dir='ltr'><strong>quem</strong></span> <span class='ocrx_word' id='word_1_214' title='bbox 324 2713 410 2752; x_wconf 88' lang='lat' dir='ltr'><strong>tamen</strong></span> <span class='ocrx_word' id='word_1_215' title='bbox 425 2712 451 2752; x_wconf 89' lang='lat' dir='ltr'><strong>et</strong></span> <span class='ocrx_word' id='word_1_216' title='bbox 466 2705 551 2767; x_wconf 87' lang='lat' dir='ltr'><strong>ipsum</strong></span> <span class='ocrx_word' id='word_1_217' title='bbox 567 2704 623 2753; x_wconf 77' lang='lat' dir='ltr'><strong>hl</strong></span> <span class='ocrx_word' id='word_1_218' title='bbox 640 2710 787 2766; x_wconf 89' lang='lat' dir='ltr'><strong>corruptum</strong></span> <span class='ocrx_word' id='word_1_219' title='bbox 803 2718 858 2752; x_wconf 88' lang='lat' dir='ltr'><strong>esse</strong></span> <span class='ocrx_word' id='word_1_220' title='bbox 875 2705 950 2752; x_wconf 87' lang='lat' dir='ltr'><strong>docet</strong></span> <span class='ocrx_word' id='word_1_221' title='bbox 961 2703 1054 2766; x_wconf 83' lang='lat' dir='ltr'><strong>copula</strong></span> <span class='ocrx_word' id='word_1_222' title='bbox 1065 2701 1114 2750; x_wconf 79' lang='lat' dir='ltr'><strong>sive</strong></span> <span class='ocrx_word' id='word_1_223' title='bbox 1126 2701 1206 2751; x_wconf 87' lang='lat' dir='ltr'><strong>verbis</strong></span> <span class='ocrx_word' id='word_1_224' title='bbox 1218 2699 1266 2749; x_wconf 84' lang='lat' dir='ltr'><strong>Ar·</strong></span> 
     </span>
     <span class='ocr_line' id='line_1_25' title="bbox 142 2768 1266 2839; baseline 0.002 -24"><span class='ocrx_word' id='word_1_225' title='bbox 142 2768 224 2832; x_wconf 77' lang='lat' dir='ltr'><strong>syriae</strong></span> <span class='ocrx_word' id='word_1_226' title='bbox 235 2769 321 2833; x_wconf 76' lang='lat' dir='ltr'><strong>reqiaa</strong></span> <span class='ocrx_word' id='word_1_227' title='bbox 336 2771 404 2819; x_wconf 88' lang='lat' dir='ltr'><strong>mals</strong></span> <span class='ocrx_word' id='word_1_228' title='bbox 416 2772 559 2834; x_wconf 83' lang='lat' dir='ltr'><strong>praemissa,</strong></span> <span class='ocrx_word' id='word_1_229' title='bbox 578 2786 643 2839; x_wconf 81' lang='lat' dir='ltr'><strong>quae</strong></span> <span class='ocrx_word' id='word_1_230' title='bbox 654 2772 729 2821; x_wconf 86' lang='lat' dir='ltr'><strong>unice</strong></span> <span class='ocrx_word' id='word_1_231' title='bbox 740 2785 799 2819; x_wconf 92' lang='lat' dir='ltr'><strong>cum</strong></span> <span class='ocrx_word' id='word_1_232' title='bbox 810 2770 913 2820; x_wconf 88' lang='lat' dir='ltr'><strong>nomine</strong></span> <span class='ocrx_word' id='word_1_233' title='bbox 925 2768 1066 2821; x_wconf 79' lang='lat' dir='ltr'><strong>Semiramis</strong></span> <span class='ocrx_word' id='word_1_234' title='bbox 1078 2769 1196 2831; x_wconf 79' lang='lat' dir='ltr'><strong>coniungi</strong></span> <span class='ocrx_word' id='word_1_235' title='bbox 1208 2784 1266 2832; x_wconf 90' lang='lat' dir='ltr'><strong>pos-</strong></span> 
     </span>
     <span class='ocr_line' id='line_1_26' title="bbox 141 2835 1266 2903; baseline -0.001 -18"><span class='ocrx_word' id='word_1_236' title='bbox 141 2844 208 2885; x_wconf 85' lang='lat' dir='ltr'><strong>anat.</strong></span> <span class='ocrx_word' id='word_1_237' title='bbox 231 2837 280 2886; x_wconf 83' lang='lat' dir='ltr'><strong>His</strong></span> <span class='ocrx_word' id='word_1_238' title='bbox 296 2838 414 2888; x_wconf 90' lang='lat' dir='ltr'><strong>omnibus</strong></span> <span class='ocrx_word' id='word_1_239' title='bbox 431 2839 497 2888; x_wconf 85' lang='lat' dir='ltr'><strong>inter</strong></span> <span class='ocrx_word' id='word_1_240' title='bbox 513 2853 540 2888; x_wconf 83' lang='lat' dir='ltr'><strong>se</strong></span> <span class='ocrx_word' id='word_1_241' title='bbox 556 2839 705 2903; x_wconf 87' lang='lat' dir='ltr'><strong>compositis</strong></span> <span class='ocrx_word' id='word_1_242' title='bbox 721 2839 856 2888; x_wconf 84' lang='lat' dir='ltr'><strong>verisimile</strong></span> <span class='ocrx_word' id='word_1_243' title='bbox 872 2845 910 2887; x_wconf 86' lang='lat' dir='ltr'><strong>est</strong></span> <span class='ocrx_word' id='word_1_244' title='bbox 926 2838 1039 2888; x_wconf 88' lang='lat' dir='ltr'><strong>Plinium</strong></span> <span class='ocrx_word' id='word_1_245' title='bbox 1056 2837 1194 2901; x_wconf 77' lang='lat' dir='ltr'><strong>scripsisse:</strong></span> <span class='ocrx_word' id='word_1_246' title='bbox 1217 2835 1266 2884; x_wconf 81' lang='lat' dir='ltr'><strong>eive</strong></span> 
     </span>
     <span class='ocr_line' id='line_1_27' title="bbox 142 2901 1265 2971; baseline 0 -19"><span class='ocrx_word' id='word_1_247' title='bbox 142 2901 197 2952; x_wconf 82' lang='lat' dir='ltr'><strong>illos</strong></span> <span class='ocrx_word' id='word_1_248' title='bbox 213 2903 356 2955; x_wconf 78' lang='lat' dir='ltr'><strong>Semiramis</strong></span> <span class='ocrx_word' id='word_1_249' title='bbox 372 2903 522 2970; x_wconf 77' lang='lat' dir='ltr'><strong>Assyriae</strong></span> <span class='ocrx_word' id='word_1_250' title='bbox 539 2906 645 2971; x_wconf 74' lang='lat' dir='ltr'><strong>reqiua</strong></span> <span class='ocrx_word' id='word_1_251' title='bbox 661 2905 712 2955; x_wconf 81' lang='lat' dir='ltr'><strong>siue</strong></span> <span class='ocrx_word' id='word_1_252' title='bbox 728 2905 813 2955; x_wconf 80' lang='lat' dir='ltr'><strong>alius</strong></span> <span class='ocrx_word' id='word_1_253' title='bbox 830 2921 873 2954; x_wconf 79' lang='lat' dir='ltr'><strong>rer</strong></span> <span class='ocrx_word' id='word_1_254' title='bbox 890 2904 985 2970; x_wconf 77' lang='lat' dir='ltr'><strong>Syrus</strong></span> <span class='ocrx_word' id='word_1_255' title='bbox 998 2904 1075 2968; x_wconf 84' lang='lat' dir='ltr'><strong>feeit;</strong></span> <span class='ocrx_word' id='word_1_256' title='bbox 1100 2907 1131 2954; x_wconf 91' lang='lat' dir='ltr'><strong>de</strong></span> <span class='ocrx_word' id='word_1_257' title='bbox 1148 2904 1265 2954; x_wconf 82' lang='lat' dir='ltr'><strong>adiectivi</strong></span> 
     </span>
     <span class='ocr_line' id='line_1_28' title="bbox 141 2968 1265 3054; baseline 0.003 -35"><span class='ocrx_word' id='word_1_258' title='bbox 141 2968 213 3049; x_wconf 70' lang='lat' dir='ltr'><strong>ahur,</strong></span> <span class='ocrx_word' id='word_1_259' title='bbox 229 2973 297 3052; x_wconf 87' lang='lat' dir='ltr'><strong>qnod</strong></span> <span class='ocrx_word' id='word_1_260' title='bbox 309 2987 361 3052; x_wconf 78' lang='lat' dir='ltr'><strong>non</strong></span> <span class='ocrx_word' id='word_1_261' title='bbox 373 2980 467 3022; x_wconf 85' lang='lat' dir='ltr'><strong>temere</strong></span> <span class='ocrx_word' id='word_1_262' title='bbox 479 2975 560 3024; x_wconf 86' lang='lat' dir='ltr'><strong>verbis</strong></span> <span class='ocrx_word' id='word_1_263' title='bbox 572 2975 696 3054; x_wconf 75' lang='lat' dir='ltr'><strong>Plinianis</strong></span> <span class='ocrx_word' id='word_1_264' title='bbox 708 2974 797 3035; x_wconf 80' lang='lat' dir='ltr'><strong>adieci,</strong></span> <span class='ocrx_word' id='word_1_265' title='bbox 814 2974 946 3052; x_wconf 73' lang='lat' dir='ltr'><strong>notissimo</strong></span> <span class='ocrx_word' id='word_1_266' title='bbox 965 2989 1012 3023; x_wconf 89' lang='lat' dir='ltr'><strong>usn</strong></span> <span class='ocrx_word' id='word_1_267' title='bbox 1029 2974 1104 3054; x_wconf 77' lang='lat' dir='ltr'><strong>etiam</strong></span> <span class='ocrx_word' id='word_1_268' title='bbox 1115 2973 1265 3052; x_wconf 37' lang='lat' dir='ltr'><strong>Plinio-non</strong></span> 
     </span>
     <span class='ocr_line' id='line_1_29' title="bbox 141 3037 1265 3186; baseline 0.002 -31"><span class='ocrx_word' id='word_1_269' title='bbox 141 3037 706 3186; x_wconf 54' lang='lat' dir='ltr'><strong>hiiffimiiilijli.viiiilitiipiiili&#39;</strong></span> <span class='ocrx_word' id='word_1_270' title='bbox 719 3039 972 3161; x_wconf 61' lang='lat' dir='ltr'><strong>limittit.</strong></span> <span class='ocrx_word' id='word_1_271' title='bbox 985 3041 1265 3174; x_wconf 67' lang='lat' dir='ltr'><strong>titlttttiittt?</strong></span> 
     </span>
     <span class='ocr_line' id='line_1_30' title="bbox 140 3181 212 3223; baseline 0.014 -1"><span class='ocrx_word' id='word_1_272' title='bbox 140 3181 212 3223; x_wconf 83' lang='lat' dir='ltr'><strong>rant.</strong></span> 
     </span>
    </p>

    <p class='ocr_par' dir='ltr' id='par_1_4' title="bbox 139 3257 1264 3864">
     <span class='ocr_line' id='line_1_31' title="bbox 175 3257 1264 3326; baseline 0.003 -19"><span class='ocrx_word' id='word_1_273' title='bbox 175 3260 243 3322; x_wconf 66' lang='lat' dir='ltr'><strong>§hm</strong></span> <span class='ocrx_word' id='word_1_274' title='bbox 266 3257 395 3322; x_wconf 79' lang='lat' dir='ltr'><strong>Superbus,</strong></span> <span class='ocrx_word' id='word_1_275' title='bbox 412 3261 497 3310; x_wconf 87' lang='lat' dir='ltr'><strong>Tacd</strong></span> <span class='ocrx_word' id='word_1_276' title='bbox 513 3259 637 3325; x_wconf 86' lang='lat' dir='ltr'><strong>(Appul.)</strong></span> <span class='ocrx_word' id='word_1_277' title='bbox 664 3261 786 3326; x_wconf 78' lang='lat' dir='ltr'><strong>Superbus</strong></span> <span class='ocrx_word' id='word_1_278' title='bbox 801 3262 956 3326; x_wconf 79' lang='lat' dir='ltr'><strong>Tarquinius,</strong></span> <span class='ocrx_word' id='word_1_279' title='bbox 972 3257 1023 3326; x_wconf 77' lang='grc' dir='ltr'><strong>βγ.</strong></span> <span class='ocrx_word' id='word_1_280' title='bbox 1043 3303 1073 3311; x_wconf 88' lang='grc'><strong>..</strong></span> <span class='ocrx_word' id='word_1_281' title='bbox 1097 3278 1126 3310; x_wconf 80' lang='lat' dir='ltr'><strong>es</strong></span> <span class='ocrx_word' id='word_1_282' title='bbox 1142 3260 1217 3323; x_wconf 82' lang='lat' dir='ltr'><strong>horto,</strong></span> <span class='ocrx_word' id='word_1_283' title='bbox 1230 3276 1264 3313; x_wconf 85' lang='lat' dir='ltr'><strong>ac</strong></span> 
     </span>
     <span class='ocr_line' id='line_1_32' title="bbox 141 3321 1264 3393; baseline 0.005 -20"><span class='ocrx_word' id='word_1_284' title='bbox 141 3321 265 3389; x_wconf 87' lang='lat' dir='ltr'><strong>(Appnl.)</strong></span> <span class='ocrx_word' id='word_1_285' title='bbox 292 3326 317 3374; x_wconf 87' lang='lat' dir='ltr'><strong>iu</strong></span> <span class='ocrx_word' id='word_1_286' title='bbox 333 3325 408 3387; x_wconf 81' lang='lat' dir='ltr'><strong>horto,</strong></span> <span class='ocrx_word' id='word_1_287' title='bbox 426 3328 450 3377; x_wconf 89' lang='lat' dir='ltr'><strong>d.</strong></span> <span class='ocrx_word' id='word_1_288' title='bbox 470 3368 500 3377; x_wconf 88' lang='lat'><strong>..</strong></span> <span class='ocrx_word' id='word_1_289' title='bbox 527 3343 618 3390; x_wconf 82' lang='lat' dir='ltr'><strong>semper</strong></span> <span class='ocrx_word' id='word_1_290' title='bbox 633 3328 658 3376; x_wconf 85' lang='lat' dir='ltr'><strong>iu</strong></span> <span class='ocrx_word' id='word_1_291' title='bbox 674 3329 848 3392; x_wconf 68' lang='lat' dir='ltr'><strong>aprificatione</strong></span> <span class='ocrx_word' id='word_1_292' title='bbox 863 3346 901 3390; x_wconf 88' lang='lat' dir='ltr'><strong>ea,</strong></span> <span class='ocrx_word' id='word_1_293' title='bbox 918 3332 981 3380; x_wconf 90' lang='lat' dir='ltr'><strong>acd.</strong></span> <span class='ocrx_word' id='word_1_294' title='bbox 1007 3336 1043 3378; x_wconf 83' lang='lat' dir='ltr'><strong>set</strong></span> <span class='ocrx_word' id='word_1_295' title='bbox 1055 3346 1101 3392; x_wconf 86' lang='lat' dir='ltr'><strong>pro</strong></span> <span class='ocrx_word' id='word_1_296' title='bbox 1112 3344 1149 3388; x_wconf 88' lang='lat' dir='ltr'><strong>ea,</strong></span> <span class='ocrx_word' id='word_1_297' title='bbox 1168 3328 1264 3393; x_wconf 86' lang='lat' dir='ltr'><strong>Appnl.</strong></span> 
     </span>
     <span class='ocr_line' id='line_1_33' title="bbox 140 3392 1263 3460; baseline 0.004 -19"><span class='ocrx_word' id='word_1_298' title='bbox 140 3407 165 3454; x_wconf 92' lang='lat' dir='ltr'><strong>p.</strong></span> <span class='ocrx_word' id='word_1_299' title='bbox 178 3395 236 3443; x_wconf 81' lang='lat'><strong>275.</strong></span> <span class='ocrx_word' id='word_1_300' title='bbox 255 3435 287 3442; x_wconf 82' lang='grc'>-</span> <span class='ocrx_word' id='word_1_301' title='bbox 314 3394 339 3442; x_wconf 84' lang='lat' dir='ltr'><strong>iu</strong></span> <span class='ocrx_word' id='word_1_302' title='bbox 355 3392 419 3442; x_wconf 78' lang='lat' dir='ltr'><strong>ltortr&#39;</strong></span> <span class='ocrx_word' id='word_1_303' title='bbox 435 3411 497 3455; x_wconf 88' lang='lat' dir='ltr'><strong>uero,</strong></span> <span class='ocrx_word' id='word_1_304' title='bbox 514 3411 555 3445; x_wconf 89' lang='lat' dir='ltr'><strong>ac.</strong></span> <span class='ocrx_word' id='word_1_305' title='bbox 582 3395 607 3443; x_wconf 83' lang='lat' dir='ltr'><strong>ia</strong></span> <span class='ocrx_word' id='word_1_306' title='bbox 618 3394 718 3456; x_wconf 76' lang='lat' dir='ltr'><strong>hortiuo,</strong></span> <span class='ocrx_word' id='word_1_307' title='bbox 730 3399 754 3446; x_wconf 88' lang='lat' dir='ltr'><strong>d.</strong></span> <span class='ocrx_word' id='word_1_308' title='bbox 781 3404 804 3445; x_wconf 87' lang='lat' dir='ltr'><strong>et</strong></span> <span class='ocrx_word' id='word_1_309' title='bbox 813 3413 858 3460; x_wconf 86' lang='lat' dir='ltr'><strong>pro</strong></span> <span class='ocrx_word' id='word_1_310' title='bbox 870 3396 944 3458; x_wconf 77' lang='lat' dir='ltr'><strong>horto,</strong></span> <span class='ocrx_word' id='word_1_311' title='bbox 959 3397 1056 3460; x_wconf 85' lang='lat' dir='ltr'><strong>Appul.</strong></span> <span class='ocrx_word' id='word_1_312' title='bbox 1077 3437 1107 3446; x_wconf 89' lang='grc'><strong>..</strong></span> <span class='ocrx_word' id='word_1_313' title='bbox 1134 3395 1263 3458; x_wconf 75' lang='lat' dir='ltr'><strong>heredium,</strong></span> 
     </span>
     <span class='ocr_line' id='line_1_34' title="bbox 140 3457 1263 3527; baseline 0.005 -20"><span class='ocrx_word' id='word_1_314' title='bbox 140 3462 198 3509; x_wconf 84' lang='lat' dir='ltr'><strong>aed</strong></span> <span class='ocrx_word' id='word_1_315' title='bbox 215 3457 301 3521; x_wconf 88' lang='lat' dir='ltr'><strong>(codd.</strong></span> <span class='ocrx_word' id='word_1_316' title='bbox 312 3462 420 3512; x_wconf 87' lang='lat' dir='ltr'><strong>Barbari</strong></span> <span class='ocrx_word' id='word_1_317' title='bbox 437 3470 462 3512; x_wconf 88' lang='lat' dir='ltr'><strong>et</strong></span> <span class='ocrx_word' id='word_1_318' title='bbox 477 3461 589 3527; x_wconf 84' lang='lat' dir='ltr'><strong>Appnl.)</strong></span> <span class='ocrx_word' id='word_1_319' title='bbox 613 3461 748 3527; x_wconf 81' lang='lat' dir='ltr'><strong>praedium,</strong></span> <span class='ocrx_word' id='word_1_320' title='bbox 765 3466 798 3514; x_wconf 86' lang='lat' dir='ltr'><strong>K.</strong></span> <span class='ocrx_word' id='word_1_321' title='bbox 818 3505 848 3513; x_wconf 83' lang='grc'>-</span> <span class='ocrx_word' id='word_1_322' title='bbox 867 3480 938 3526; x_wconf 85' lang='lat' dir='ltr'><strong>quam</strong></span> <span class='ocrx_word' id='word_1_323' title='bbox 954 3465 982 3513; x_wconf 78' lang='lat' dir='ltr'><strong>ot</strong></span> <span class='ocrx_word' id='word_1_324' title='bbox 997 3480 1054 3525; x_wconf 87' lang='lat' dir='ltr'><strong>rem,</strong></span> <span class='ocrx_word' id='word_1_325' title='bbox 1070 3457 1158 3516; x_wconf 77' lang='lat' dir='ltr'><strong>Oacd.</strong></span> <span class='ocrx_word' id='word_1_326' title='bbox 1185 3464 1263 3523; x_wconf 80' lang='lat' dir='ltr'><strong>Quum</strong></span> 
     </span>
     <span class='ocr_line' id='line_1_35' title="bbox 140 3523 1263 3595; baseline 0.005 -21"><span class='ocrx_word' id='word_1_327' title='bbox 140 3542 197 3586; x_wconf 90' lang='lat' dir='ltr'><strong>rem,</strong></span> <span class='ocrx_word' id='word_1_328' title='bbox 213 3523 264 3593; x_wconf 78' lang='grc' dir='ltr'><strong>βγ.</strong></span> <span class='ocrx_word' id='word_1_329' title='bbox 282 3570 313 3578; x_wconf 75' lang='grc'><strong>-</strong></span> <span class='ocrx_word' id='word_1_330' title='bbox 339 3536 431 3589; x_wconf 66' lang='lat' dir='ltr'><strong>etam.</strong></span> <span class='ocrx_word' id='word_1_331' title='bbox 445 3532 468 3579; x_wconf 87' lang='lat' dir='ltr'><strong>d.</strong></span> <span class='ocrx_word' id='word_1_332' title='bbox 489 3572 519 3580; x_wconf 76' lang='grc'><strong>-</strong></span> <span class='ocrx_word' id='word_1_333' title='bbox 544 3530 661 3594; x_wconf 76' lang='lat' dir='ltr'><strong>hortoque,</strong></span> <span class='ocrx_word' id='word_1_334' title='bbox 681 3524 933 3595; x_wconf 74' lang='lat' dir='ltr'><strong>OTued(Appu1.)</strong></span> <span class='ocrx_word' id='word_1_335' title='bbox 957 3527 1127 3594; x_wconf 69' lang='lat' dir='ltr'><strong>hortosquess.</strong></span> <span class='ocrx_word' id='word_1_336' title='bbox 1147 3574 1178 3582; x_wconf 89' lang='lat'><strong>..</strong></span> <span class='ocrx_word' id='word_1_337' title='bbox 1194 3533 1263 3595; x_wconf 87' lang='lat' dir='ltr'><strong>fore,</strong></span> 
     </span>
     <span class='ocr_line' id='line_1_36' title="bbox 139 3593 1261 3665; baseline 0.003 -21"><span class='ocrx_word' id='word_1_338' title='bbox 139 3593 247 3646; x_wconf 86' lang='lat' dir='ltr'><strong>Salmas.</strong></span> <span class='ocrx_word' id='word_1_339' title='bbox 266 3612 348 3646; x_wconf 87' lang='lat' dir='ltr'><strong>exerc.</strong></span> <span class='ocrx_word' id='word_1_340' title='bbox 367 3612 391 3661; x_wconf 93' lang='lat' dir='ltr'><strong>p.</strong></span> <span class='ocrx_word' id='word_1_341' title='bbox 404 3603 462 3648; x_wconf 80' lang='lat' dir='ltr'><strong>sle.</strong></span> <span class='ocrx_word' id='word_1_342' title='bbox 475 3615 497 3649; x_wconf 87' lang='lat' dir='ltr'><strong>a.</strong></span> <span class='ocrx_word' id='word_1_343' title='bbox 510 3597 542 3649; x_wconf 81' lang='lat' dir='ltr'><strong>G.</strong></span> <span class='ocrx_word' id='word_1_344' title='bbox 562 3597 722 3650; x_wconf 79' lang='lat' dir='ltr'><strong>Confirmant</strong></span> <span class='ocrx_word' id='word_1_345' title='bbox 739 3600 823 3649; x_wconf 84' lang='lat' dir='ltr'><strong>Tacd</strong></span> <span class='ocrx_word' id='word_1_346' title='bbox 838 3598 963 3663; x_wconf 86' lang='lat' dir='ltr'><strong>(Appul.)</strong></span> <span class='ocrx_word' id='word_1_347' title='bbox 981 3601 1049 3662; x_wconf 84' lang='lat' dir='ltr'><strong>seco,</strong></span> <span class='ocrx_word' id='word_1_348' title='bbox 1069 3595 1119 3665; x_wconf 74' lang='grc' dir='ltr'><strong>θγ.</strong></span> <span class='ocrx_word' id='word_1_349' title='bbox 1137 3600 1217 3662; x_wconf 77' lang='lat' dir='ltr'><strong>soree,</strong></span> <span class='ocrx_word' id='word_1_350' title='bbox 1232 3594 1261 3660; x_wconf 78' lang='grc'><strong>,8.</strong></span> 
     </span>
     <span class='ocr_line' id='line_1_37' title="bbox 141 3663 1262 3731; baseline 0.004 -19"><span class='ocrx_word' id='word_1_351' title='bbox 141 3703 173 3711; x_wconf 81' lang='grc'><strong>-</strong></span> <span class='ocrx_word' id='word_1_352' title='bbox 190 3663 389 3727; x_wconf 60' lang='lat' dir='ltr'><strong>ffaecinationes,</strong></span> <span class='ocrx_word' id='word_1_353' title='bbox 406 3680 440 3715; x_wconf 85' lang='lat' dir='ltr'><strong>ac</strong></span> <span class='ocrx_word' id='word_1_354' title='bbox 457 3664 582 3731; x_wconf 86' lang='lat' dir='ltr'><strong>(Appul.)</strong></span> <span class='ocrx_word' id='word_1_355' title='bbox 600 3666 786 3730; x_wconf 80' lang='lat' dir='ltr'><strong>fascinationes,</strong></span> <span class='ocrx_word' id='word_1_356' title='bbox 799 3667 851 3716; x_wconf 80' lang='grc' dir='ltr'><strong>Τᾶ.</strong></span> <span class='ocrx_word' id='word_1_357' title='bbox 870 3707 901 3716; x_wconf 70' lang='grc'><strong>-</strong></span> <span class='ocrx_word' id='word_1_358' title='bbox 924 3668 1040 3729; x_wconf 81' lang='lat' dir='ltr'><strong>saturica,</strong></span> <span class='ocrx_word' id='word_1_359' title='bbox 1057 3671 1112 3718; x_wconf 89' lang='lat' dir='ltr'><strong>cod.</strong></span> <span class='ocrx_word' id='word_1_360' title='bbox 1123 3668 1262 3717; x_wconf 81' lang='lat' dir='ltr'><strong>vetustissi-</strong></span> 
     </span>
     <span class='ocr_line' id='line_1_38' title="bbox 139 3732 1262 3800; baseline 0.004 -21"><span class='ocrx_word' id='word_1_361' title='bbox 139 3745 196 3780; x_wconf 90' lang='lat' dir='ltr'><strong>mus</strong></span> <span class='ocrx_word' id='word_1_362' title='bbox 208 3746 248 3795; x_wconf 89' lang='lat' dir='ltr'><strong>ap.</strong></span> <span class='ocrx_word' id='word_1_363' title='bbox 260 3732 326 3782; x_wconf 91' lang='lat' dir='ltr'><strong>Bnd.</strong></span> <span class='ocrx_word' id='word_1_364' title='bbox 339 3735 436 3785; x_wconf 79' lang='lat' dir='ltr'><strong>deesse</strong></span> <span class='ocrx_word' id='word_1_365' title='bbox 448 3749 473 3799; x_wconf 87' lang='lat' dir='ltr'><strong>p.</strong></span> <span class='ocrx_word' id='word_1_366' title='bbox 486 3739 544 3784; x_wconf 79' lang='lat'><strong>290.</strong></span> <span class='ocrx_word' id='word_1_367' title='bbox 561 3775 591 3784; x_wconf 91' lang='lat'><strong>..</strong></span> <span class='ocrx_word' id='word_1_368' title='bbox 610 3733 700 3784; x_wconf 88' lang='lat' dir='ltr'><strong>Plauto</strong></span> <span class='ocrx_word' id='word_1_369' title='bbox 714 3735 773 3784; x_wconf 87' lang='lat' dir='ltr'><strong>loco</strong></span> <span class='ocrx_word' id='word_1_370' title='bbox 786 3734 924 3800; x_wconf 88' lang='lat' dir='ltr'><strong>deperdito.</strong></span> <span class='ocrx_word' id='word_1_371' title='bbox 947 3734 1068 3786; x_wconf 82' lang='lat' dir='ltr'><strong>Ceterum</strong></span> <span class='ocrx_word' id='word_1_372' title='bbox 1078 3751 1102 3784; x_wconf 82' lang='lat' dir='ltr'><strong>r.</strong></span> <span class='ocrx_word' id='word_1_373' title='bbox 1115 3735 1262 3786; x_wconf 85' lang='lat' dir='ltr'><strong>Schneider.</strong></span> 
     </span>
     <span class='ocr_line' id='line_1_39' title="bbox 139 3798 518 3864; baseline 0.013 -16"><span class='ocrx_word' id='word_1_374' title='bbox 139 3798 172 3848; x_wconf 87' lang='lat' dir='ltr'><strong>ad</strong></span> <span class='ocrx_word' id='word_1_375' title='bbox 184 3799 257 3849; x_wconf 86' lang='lat' dir='ltr'><strong>Varr.</strong></span> <span class='ocrx_word' id='word_1_376' title='bbox 270 3801 302 3849; x_wconf 91' lang='lat' dir='ltr'><strong>de</strong></span> <span class='ocrx_word' id='word_1_377' title='bbox 314 3815 340 3849; x_wconf 87' lang='lat' dir='ltr'><strong>re</strong></span> <span class='ocrx_word' id='word_1_378' title='bbox 351 3809 412 3851; x_wconf 87' lang='lat' dir='ltr'><strong>rust.</strong></span> <span class='ocrx_word' id='word_1_379' title='bbox 425 3801 446 3851; x_wconf 93' lang='lat'><strong>1.</strong></span> <span class='ocrx_word' id='word_1_380' title='bbox 460 3807 483 3864; x_wconf 94' lang='lat'><strong>1,</strong></span> <span class='ocrx_word' id='word_1_381' title='bbox 496 3808 518 3853; x_wconf 78' lang='lat'><strong>6.</strong></span> 
     </span>
    </p>
   </div>
   <div class='ocr_carea' id='block_1_4' title="bbox 138 3889 1260 4018">
    <p class='ocr_par' dir='ltr' id='par_1_5' title="bbox 138 3889 1260 4018">
     <span class='ocr_line' id='line_1_40' title="bbox 138 3889 1260 4009; baseline 0.005 -70"><span class='ocrx_word' id='word_1_382' title='bbox 138 3889 370 4009; x_wconf 51' lang='lat' dir='ltr'><strong>kagelequidam,</strong></span> <span class='ocrx_word' id='word_1_383' title='bbox 385 3893 474 3944; x_wconf 86' lang='lat' dir='ltr'><strong>Dalec.</strong></span> <span class='ocrx_word' id='word_1_384' title='bbox 495 3936 524 3944; x_wconf 85' lang='grc'><strong>-</strong></span> <span class='ocrx_word' id='word_1_385' title='bbox 549 3894 599 3957; x_wconf 82' lang='lat' dir='ltr'><strong>otii,</strong></span> <span class='ocrx_word' id='word_1_386' title='bbox 616 3895 651 3945; x_wconf 89' lang='lat' dir='ltr'><strong>cd</strong></span> <span class='ocrx_word' id='word_1_387' title='bbox 669 3892 757 3957; x_wconf 86' lang='lat' dir='ltr'><strong>(codd.</strong></span> <span class='ocrx_word' id='word_1_388' title='bbox 770 3894 841 3958; x_wconf 86' lang='lat' dir='ltr'><strong>Gel.)</strong></span> <span class='ocrx_word' id='word_1_389' title='bbox 867 3893 994 3957; x_wconf 81' lang='lat' dir='ltr'><strong>hortorum,</strong></span> <span class='ocrx_word' id='word_1_390' title='bbox 1011 3913 1033 3947; x_wconf 88' lang='lat' dir='ltr'><strong>a.</strong></span> <span class='ocrx_word' id='word_1_391' title='bbox 1053 3937 1083 3945; x_wconf 89' lang='lat'><strong>..</strong></span> <span class='ocrx_word' id='word_1_392' title='bbox 1107 3893 1223 3955; x_wconf 79' lang='lat' dir='ltr'><strong>hahitare,</strong></span> <span class='ocrx_word' id='word_1_393' title='bbox 1236 3896 1260 3945; x_wconf 90' lang='lat' dir='ltr'><strong>d.</strong></span> 
     </span>
     <span class='ocr_line' id='line_1_41' title="bbox 213 3975 230 4018; baseline 0 0"><span class='ocrx_word' id='word_1_394' title='bbox 213 3975 230 4018; x_wconf 59' lang='grc' dir='ltr'><strong>θ’</strong></span> 
     </span>
    </p>
   </div>
   <div class='ocr_carea' id='block_1_5' title="bbox 117 4049 1308 4327">
    <p class='ocr_par' dir='ltr' id='par_1_6' title="bbox 172 4049 1264 4116">
     <span class='ocr_line' id='line_1_42' title="bbox 172 4049 1264 4116; baseline 0.005 -16"><span class='ocrx_word' id='word_1_395' title='bbox 172 4049 241 4110; x_wconf 74' lang='lat'><strong>§52</strong></span> <span class='ocrx_word' id='word_1_396' title='bbox 265 4060 363 4114; x_wconf 65' lang='lat' dir='ltr'><strong>estse.</strong></span> <span class='ocrx_word' id='word_1_397' title='bbox 386 4056 480 4115; x_wconf 57' lang='lat' dir='ltr'><strong>aad.</strong></span> <span class='ocrx_word' id='word_1_398' title='bbox 500 4094 530 4104; x_wconf 88' lang='grc'><strong>..</strong></span> <span class='ocrx_word' id='word_1_399' title='bbox 554 4052 729 4115; x_wconf 65' lang='lat' dir='ltr'><strong>Plautiam.</strong></span> <span class='ocrx_word' id='word_1_400' title='bbox 755 4053 858 4116; x_wconf 78' lang='lat' dir='ltr'><strong>Pharia,</strong></span> <span class='ocrx_word' id='word_1_401' title='bbox 870 4056 902 4106; x_wconf 85' lang='grc' dir='ltr'><strong>Τ.</strong></span> <span class='ocrx_word' id='word_1_402' title='bbox 924 4054 1065 4115; x_wconf 64' lang='lat' dir='ltr'><strong>Pharicd.</strong></span> <span class='ocrx_word' id='word_1_403' title='bbox 1084 4095 1115 4105; x_wconf 91' lang='grc'><strong>..</strong></span> <span class='ocrx_word' id='word_1_404' title='bbox 1138 4064 1264 4106; x_wconf 81' lang='lat' dir='ltr'><strong>amuemet</strong></span> 
     </span>
    </p>

    <p class='ocr_par' dir='ltr' id='par_1_7' title="bbox 138 4118 1262 4186">
     <span class='ocr_line' id='line_1_43' title="bbox 138 4118 1262 4186; baseline 0.009 -21"><span class='ocrx_word' id='word_1_405' title='bbox 138 4131 180 4165; x_wconf 84' lang='lat' dir='ltr'><strong>eae</strong></span> <span class='ocrx_word' id='word_1_406' title='bbox 182 4118 241 4182; x_wconf 87' lang='lat' dir='ltr'><strong>sah.</strong></span> <span class='ocrx_word' id='word_1_407' title='bbox 255 4127 310 4170; x_wconf 86' lang='lat' dir='ltr'><strong>terr.</strong></span> <span class='ocrx_word' id='word_1_408' title='bbox 323 4127 394 4182; x_wconf 79' lang='lat' dir='ltr'><strong>tutas,</strong></span> <span class='ocrx_word' id='word_1_409' title='bbox 407 4121 454 4169; x_wconf 87' lang='lat' dir='ltr'><strong>imo</strong></span> <span class='ocrx_word' id='word_1_410' title='bbox 466 4128 489 4169; x_wconf 86' lang='lat' dir='ltr'><strong>et</strong></span> <span class='ocrx_word' id='word_1_411' title='bbox 498 4120 542 4182; x_wconf 80' lang='lat' dir='ltr'><strong>sie,</strong></span> <span class='ocrx_word' id='word_1_412' title='bbox 554 4124 587 4172; x_wconf 87' lang='lat' dir='ltr'><strong>K.</strong></span> <span class='ocrx_word' id='word_1_413' title='bbox 609 4130 632 4171; x_wconf 87' lang='lat' dir='ltr'><strong>et</strong></span> <span class='ocrx_word' id='word_1_414' title='bbox 642 4138 672 4170; x_wconf 83' lang='lat' dir='ltr'><strong>ae</strong></span> <span class='ocrx_word' id='word_1_415' title='bbox 679 4120 796 4186; x_wconf 77' lang='lat' dir='ltr'><strong>fabuloso</strong></span> <span class='ocrx_word' id='word_1_416' title='bbox 811 4121 914 4186; x_wconf 81' lang='lat' dir='ltr'><strong>quidem,</strong></span> <span class='ocrx_word' id='word_1_417' title='bbox 930 4123 997 4173; x_wconf 88' lang='lat' dir='ltr'><strong>Pint.</strong></span> <span class='ocrx_word' id='word_1_418' title='bbox 1016 4162 1047 4172; x_wconf 87' lang='lat'><strong>..</strong></span> <span class='ocrx_word' id='word_1_419' title='bbox 1070 4119 1213 4173; x_wconf 85' lang='lat' dir='ltr'><strong>Numidiam</strong></span> <span class='ocrx_word' id='word_1_420' title='bbox 1224 4131 1262 4175; x_wconf 82' lang='lat' dir='ltr'><strong>at·</strong></span> 
     </span>
    </p>

    <p class='ocr_par' dir='ltr' id='par_1_8' title="bbox 117 4186 1308 4327">
     <span class='ocr_line' id='line_1_44' title="bbox 117 4186 1263 4255; baseline 0.006 -19"><span class='ocrx_word' id='word_1_421' title='bbox 117 4200 189 4246; x_wconf 64' lang='lat' dir='ltr'><strong>que,</strong></span> <span class='ocrx_word' id='word_1_422' title='bbox 207 4188 280 4238; x_wconf 84' lang='lat' dir='ltr'><strong>codd.</strong></span> <span class='ocrx_word' id='word_1_423' title='bbox 293 4186 352 4239; x_wconf 83' lang='lat' dir='ltr'><strong>Gal.</strong></span> <span class='ocrx_word' id='word_1_424' title='bbox 378 4186 499 4239; x_wconf 76' lang='lat' dir='ltr'><strong>Numidia</strong></span> <span class='ocrx_word' id='word_1_425' title='bbox 514 4204 567 4251; x_wconf 81' lang='lat' dir='ltr'><strong>que,</strong></span> <span class='ocrx_word' id='word_1_426' title='bbox 583 4201 625 4238; x_wconf 84' lang='lat' dir='ltr'><strong>uc.</strong></span> <span class='ocrx_word' id='word_1_427' title='bbox 651 4187 772 4239; x_wconf 78' lang='lat' dir='ltr'><strong>Numidia</strong></span> <span class='ocrx_word' id='word_1_428' title='bbox 788 4205 855 4254; x_wconf 84' lang='lat' dir='ltr'><strong>aqua</strong></span> <span class='ocrx_word' id='word_1_429' title='bbox 870 4207 908 4252; x_wconf 80' lang='lat' dir='ltr'><strong>ra,</strong></span> <span class='ocrx_word' id='word_1_430' title='bbox 924 4191 961 4242; x_wconf 73' lang='lat'><strong>(1¹.</strong></span> <span class='ocrx_word' id='word_1_431' title='bbox 988 4186 1108 4241; x_wconf 83' lang='lat' dir='ltr'><strong>Numidia</strong></span> <span class='ocrx_word' id='word_1_432' title='bbox 1119 4206 1204 4255; x_wconf 72' lang='lat' dir='ltr'><strong>aquea</strong></span> <span class='ocrx_word' id='word_1_433' title='bbox 1220 4193 1263 4243; x_wconf 70' lang='grc' dir='ltr'><strong>(Ρ.</strong></span> 
     </span>
     <span class='ocr_line' id='line_1_45' title="bbox 138 4250 1308 4327; baseline 0.012 -25"><span class='ocrx_word' id='word_1_434' title='bbox 138 4250 271 4304; x_wconf 76' lang='lat' dir='ltr'><strong>Numidiae</strong></span> <span class='ocrx_word' id='word_1_435' title='bbox 282 4262 361 4319; x_wconf 79' lang='lat' dir='ltr'><strong>atque,</strong></span> <span class='ocrx_word' id='word_1_436' title='bbox 373 4257 439 4308; x_wconf 87' lang='lat' dir='ltr'><strong>Bud.</strong></span> <span class='ocrx_word' id='word_1_437' title='bbox 452 4258 484 4309; x_wconf 80' lang='lat' dir='ltr'><strong>da</strong></span> <span class='ocrx_word' id='word_1_438' title='bbox 492 4272 552 4327; x_wconf 66' lang='lat' dir='ltr'><strong>aare</strong></span> <span class='ocrx_word' id='word_1_439' title='bbox 561 4271 587 4322; x_wconf 77' lang='lat' dir='ltr'><strong>p</strong></span> <span class='ocrx_word' id='word_1_440' title='bbox 600 4262 659 4308; x_wconf 73' lang='lat'><strong>28⁹.</strong></span> <span class='ocrx_word' id='word_1_441' title='bbox 670 4271 686 4307; x_wconf 81' lang='lat' dir='ltr'><strong>e</strong></span> <span class='ocrx_word' id='word_1_442' title='bbox 696 4259 771 4312; x_wconf 80' lang='lat' dir='ltr'><strong>codd·</strong></span> <span class='ocrx_word' id='word_1_443' title='bbox 1305 4260 1308 4265; x_wconf 78' lang='grc'><strong>’</strong></span> 
     </span>
    </p>
   </div>
   <div class='ocr_carea' id='block_1_6' title="bbox 0 0 1452 4792">
    <p class='ocr_par' dir='ltr' id='par_1_9' title="bbox 0 0 1452 4792">
     <span class='ocr_line' id='line_1_46' title="bbox 0 0 1452 4792; baseline 0 4"><span class='ocrx_word' id='word_1_444' title='bbox 0 0 1452 4792; x_wconf 95' lang='lat' dir='ltr'><strong> </strong></span> 
     </span>
    </p>
   </div>
  </div>
 </body>
</html>
