2896 4792
383 300 571 370 1111111111.
602 276 680 347 cir.
697 300 810 347 xxxv.
843 299 940 347 sacr.
955 300 1038 343 susa
1213 285 1275 349 229

182 454 234 519 83.
256 451 400 518 Nebulae
421 451 585 517 montibus
607 452 838 518 descendentes
860 460 916 515 aut
938 449 1025 515 caelo
1045 450 1197 518 cedentes
1213 451 1263 517 vel
1276 469 1324 517 aar

43 542 54 551 ’
138 554 173 619 in
193 553 333 620 vallibus
354 553 493 619 sidentes
516 554 720 619 serenitatem
742 553 936 639 promittent.

182 657 234 722 84.
255 652 311 722 Ab
332 655 383 720 his
405 655 522 720 terreni
543 655 636 743 ignes
651 677 807 741 proxume
824 654 1023 744 significant3
1046 655 1157 741 pallidi
1172 677 1262 721 nam·

139 776 203 842 que
223 765 520 841 murmurantesque
542 764 767 842 tempestatum
787 755 893 820 nuntii
915 755 1107 834 sentiuntur,
1135 754 1263 843 pluviae

138 857 258 923 iamin
279 857 420 923 lucernis
446 857 555 943 fungi3
589 857 616 921 si
642 857 786 924 flexuose
814 857 926 924 volitet
950 848 1102 937 flamma,
1120 868 1262 940 ventum,
1276 876 1325 922 sta

139 971 173 1024 et
193 957 324 1037 lumina,
347 980 421 1023 cum
442 981 482 1024 ex
505 980 575 1023 sese
596 957 740 1023 flammas
756 959 879 1025 elidunt
893 968 949 1023 aut
963 958 1019 1024 vix
1033 959 1262 1039 accenduntur,

51 1048 54 1053 ⁵
139 1060 217 1126 item
243 1083 317 1126 cum
344 1060 378 1123 in
406 1083 443 1125 eo
469 1059 629 1146 pendente
659 1060 814 1127 scintillae
835 1070 1082 1138 coacervantur,
1111 1062 1162 1126 vel
1190 1084 1271 1127 curn.

139 1161 325 1227 tollentibus
346 1163 425 1228 ollas
447 1160 544 1228 carbo
566 1161 778 1241 adhaerescit,
813 1173 868 1227 aut
894 1185 967 1227 cum
994 1173 1158 1229 contectus
1179 1163 1265 1250 ignis

139 1284 157 1327 e
180 1285 215 1328 se
237 1262 378 1328 favillam
401 1263 530 1328 discutit
553 1263 763 1329 scintillamve
785 1263 918 1341 emittit,
949 1264 999 1329 vel
1027 1288 1100 1329 cmn
1128 1264 1208 1330 cinis
1230 1264 1265 1329 in

140 1364 213 1429 foco
235 1365 410 1430 concrescit
432 1377 463 1430 et
485 1388 558 1430 oum
580 1364 676 1430 carbo
699 1364 902 1430 vehementer
923 1364 1078 1450 perlucet.

181 1470 234 1534 85.
265 1468 327 1533 Est
348 1479 380 1534 et
402 1489 556 1552 aquarum
579 1467 780 1554 significatio.
809 1465 904 1532 Mare
927 1467 954 1531 si
975 1466 1147 1552 tranquillo
1168 1477 1265 1552 portu
1277 1485 1326 1531 aaa

139 1569 306 1634 cursitabit
327 1567 579 1635 murmurabitve
600 1569 685 1633 intra
706 1589 751 1645 se,
774 1580 905 1633 ventum
929 1568 1102 1653 praedicit,
1126 1568 1153 1633 si
1177 1568 1263 1634 idem

114 1669 254 1749 bieme,
277 1682 309 1737 et
330 1671 481 1749 imbrem3
509 1671 603 1735 litora
628 1670 780 1756 ripaeque
808 1669 835 1735 si
860 1669 1055 1735 resonabunt
1084 1669 1265 1754 tranquillo,

139 1792 287 1857 asperam
312 1782 550 1859 tempestatem,
582 1772 659 1837 item
686 1771 784 1836 maris
810 1771 914 1857 ipsius
942 1771 1112 1855 tranquillo
1141 1773 1264 1838 sonitus

139 1895 312 1958 spumaeve
334 1875 499 1961 dispersae
520 1882 576 1939 aut
596 1895 698 1957 aquae
718 1873 888 1939 bullantes.
909 1872 1083 1939 Pulmones
1103 1872 1217 1937 marini
1229 1872 1265 1938 in

138 1976 254 2064 pelago
274 1976 415 2062 plurium
437 1976 562 2042 dierum
583 1976 719 2040 hiemem
741 1976 947 2061 portendunt.
971 1972 1078 2062 Saepe
1091 1986 1124 2041 et
1138 1975 1264 2042 silentio

138 2075 323 2144 intumescit
348 2077 489 2163 flatuque
516 2078 610 2143 altius
640 2076 733 2143 solito
767 2077 831 2142 iam
866 2077 949 2142 intra
978 2100 1013 2144 se
1047 2100 1117 2144 esse
1150 2088 1264 2144 ventos

137 2177 263 2244 fatetur.

180 2282 231 2347 86.
261 2281 306 2347 Et
331 2282 463 2367 qnidam
491 2294 523 2348 et
544 2283 700 2348 montium
723 2283 846 2349 sonitus
868 2304 1099 2368 nemorumque
1120 2282 1264 2369 mugitus
1272 2298 1327 2343 aso

138 2382 339 2468 praedicunt,
363 2393 397 2448 et
422 2384 490 2449 sine
513 2406 592 2449 aura
606 2407 687 2468 quae
703 2385 860 2450 sentiatur
874 2384 950 2450 folia
963 2384 1122 2462 ludentia,
1144 2385 1264 2473 lanugo

137 2483 250 2570 populi
271 2494 327 2549 aut
348 2485 460 2571 spinae
487 2486 623 2550 volitans
651 2486 808 2569 aquisque
835 2487 945 2570 pluma
971 2485 1137 2564 innatans,
1167 2496 1264 2569 atque

138 2586 237 2650 etiam
257 2585 291 2650 in
313 2587 436 2673 campis
459 2597 626 2652 venturam
648 2597 871 2673 tempestatem
891 2586 1089 2673 praecedens
1103 2609 1181 2653 suus
1195 2589 1261 2653 ira-

138 2709 212 2776 gor3
236 2687 316 2753 caeli
338 2689 466 2772 quidem
488 2711 633 2755 murmur
653 2711 718 2754 non
733 2688 864 2755 dubiam
878 2687 1143 2776 significationem
1156 2687 1261 2754 habet.

139 2863 155 2911 i.
169 2876 190 2911 e.
203 2863 278 2923 corbe,
296 2877 347 2925 qua
358 2876 421 2912 voce
432 2863 531 2914 Plinius
543 2879 605 2914 usus
617 2872 656 2915 est
668 2865 744 2915 ctiam
756 2869 798 2925 36,
811 2869 852 2914 96.
874 2865 915 2914 De
926 2863 982 2929 ipsa
994 2864 1096 2926 quidem
1108 2875 1135 2911 re
1147 2861 1261 2911 testimo·

138 2930 210 2987 nium
227 2929 316 2980 afferre
333 2944 385 2979 non
402 2945 518 2994 possum;
539 2939 566 2982 at
582 2933 635 2982 tale
652 2933 713 2995 quid
725 2932 793 2982 credi
804 2932 918 2995 potuisse
929 2947 982 2981 non
994 2931 1098 2994 negabit
1110 2930 1152 2993 qni
1166 2937 1261 2980 ceteras

138 2997 215 3047 huius
232 2999 331 3061 generis
348 2999 538 3060 superstitiones
555 3001 758 3051 consideraverit.
781 3001 875 3050 Tracta
891 3001 943 3049 huc
959 3000 1060 3049 ridetur
1070 2997 1205 3048 notissima
1216 2999 1262 3047 ob·

139 3066 256 3125 servatio,
274 3068 306 3115 de
317 3079 368 3128 qna
379 3066 493 3129 loquitur
503 3066 570 3117 Plin.
584 3074 608 3128 2,
623 3073 678 3118 101.
691 3069 751 3117 coli.
764 3067 855 3117 Idaler.
868 3069 1001 3117 meteoroi.
1014 3083 1038 3130 p.
1054 3074 1108 3117 164.
1122 3074 1147 3115 et
1158 3067 1191 3115 ad
1201 3065 1260 3116 Ari·

139 3133 223 3182 stotel.
240 3141 344 3183 metecr.
361 3134 413 3182 vol.
430 3133 464 3182 IL
477 3149 501 3197 p.
515 3141 572 3184 244.
596 3176 627 3185 ..
649 3134 778 3198 pendente,
796 3137 841 3185 ad.
867 3133 1003 3198 pendentes,
1019 3130 1071 3198 βγ.
1091 3175 1122 3184 ..
1145 3131 1262 3182 scintillae

138 3207 314 3261 macerantur,
327 3216 350 3249 a.
368 3209 537 3250 coacervantur
547 3201 672 3264 resullae,
685 3199 758 3267 ᾱβγ.
777 3242 808 3252 -
827 3201 865 3251 vel
874 3218 926 3251 eum
939 3201 1080 3264 tollemibus3
1097 3204 1149 3252 huc
1161 3202 1262 3266 respicit

139 3266 209 3318 Serv.
221 3269 254 3317 ad
266 3268 363 3330 Vergil.
376 3283 463 3331 georg.
479 3274 501 3325 1,
513 3274 571 3318 392.
590 3309 621 3318 -
640 3278 765 3331 meterius,
778 3271 872 3323 Sabell.
890 3277 1017 3330 mutentur,
1029 3270 1074 3319 ad.
1089 3311 1118 3320 ,.
1138 3284 1199 3330 ese3
1214 3283 1260 3332 pro

138 3335 179 3384 his
190 3350 231 3384 vv.
244 3335 340 3385 habent
351 3337 441 3385 estad.
460 3375 491 3385 -
510 3336 600 3395 messit,
612 3338 637 3386 d.

76 3418 80 3432 Ι
173 3435 258 3496 5359.
287 3434 422 3500 tranquillo,
438 3453 457 3487 r.
485 3433 612 3498 vanqvillo
628 3435 661 3496 in,
679 3438 710 3487 Τ.
739 3435 891 3501 tranquillum
906 3436 939 3497 in,
956 3432 1048 3502 adfir.
1073 3479 1102 3488 ..
1131 3437 1261 3501 cursitabit,

138 3504 205 3554 Pint.
224 3519 293 3552 cursu
304 3503 386 3566 stabit,
398 3503 471 3554 Tart.
489 3520 506 3552 a
518 3519 587 3552 cursu
598 3502 679 3565 stabit,
690 3499 741 3569 βγ.
760 3543 791 3553 -
810 3504 999 3567 murmurabitve,
1010 3506 1048 3555 ita
1059 3521 1105 3556 nos
1117 3507 1261 3570 scripsimus

137 3573 230 3635 partim
242 3572 321 3621 secuti
334 3573 489 3633 Pintisnum,
507 3573 550 3635 qui
562 3570 772 3620 murmuraremus
789 3573 903 3622 coniecit.
929 3572 1129 3635 mammertus,
1141 3574 1175 3623 D.
1198 3589 1260 3621 mur-

138 3639 268 3688 muraverit
279 3647 311 3701 ut,
323 3641 376 3689 Td.
404 3638 568 3700 murmurabit,
580 3642 616 3689 a¹.
643 3637 807 3701 murmuravit,
820 3642 861 3689 a².
884 3647 908 3688 et
918 3640 1108 3702 murmuraverit,
1120 3637 1170 3707 βγ.
1191 3682 1221 3689 -
1239 3640 1263 3687 si

138 3705 199 3756 idem
211 3706 297 3767 bieme,
315 3709 350 3757 ita
362 3723 410 3757 nos
422 3708 574 3772 scripsimus.
600 3706 624 3755 si
641 3705 702 3756 idem
720 3705 824 3767 hiemem,
840 3723 863 3757 a.
890 3706 1064 3770 riedirierum,
1082 3711 1135 3758 Td.
1160 3706 1259 3756 11111111-

138 3773 216 3836 ridem,
229 3783 252 3822 et
264 3773 367 3836 hiemem,
379 3770 429 3839 βγ.
448 3816 480 3825 ..
499 3773 573 3824 litoris
584 3775 705 3839 ripaeque,
718 3791 736 3824 r.
754 3776 788 3825 V.
800 3776 932 3839 Theophr.
947 3771 1009 3840 περὶ
1021 3773 1141 3843 σημείων
1156 3771 1259 3823 ὑδάτων

139 3849 162 3903 2,
176 3850 199 3893 4.
211 3859 237 3906 p.
252 3844 308 3892 790.
329 3884 359 3892 ..
386 3842 409 3891 si
418 3842 692 3905 resonabunt-maris,
709 3858 760 3892 om.
772 3859 792 3894 r.
812 3884 842 3893 ..
872 3842 1012 3907 uunquillos
1027 3859 1146 3907 asperam,
1163 3845 1208 3892 ad.
1227 3884 1258 3891 -

138 3909 282 3974 uanqvillus
298 3911 394 3970 sonitus,
411 3911 499 3960 Tadr.
524 3951 555 3960 ..
579 3909 692 3974 plurium,
709 3912 813 3961 Barbas.
830 3914 854 3962 d.
877 3909 1013 3974 plurimum,
1030 3927 1052 3961 a
1075 3912 1109 3961 V.
1127 3911 1258 3973 Theophr.

136 3979 154 4027 l.
167 3980 184 4029 l.
197 3985 222 4039 3,
235 3985 259 4029 8.
271 3995 295 4043 p.
311 3983 367 4030 794.
387 4018 417 4026 -
428 3977 548 4042 flatuque,
560 3994 583 4028 a.
594 3978 738 4043 flatumque,
750 3982 773 4030 d.
784 3981 917 4044 fluctuque,
929 3981 995 4029 Pint.
1014 3977 1151 4042 irfiatuque
1164 3978 1241 4028 Hard.

171 4081 257 4142 §36st
283 4077 319 4127 Et
335 4076 440 4142 quidam,
458 4079 532 4129 Tad.
558 4078 593 4128 Et
609 4079 710 4143 quidem,
727 4082 761 4130 D.
786 4080 914 4145 Equidem,
930 4076 980 4143 βγ.
1006 4121 1036 4130 -
1063 4078 1219 4140 rimantium,
1235 4097 1258 4129 a.

137 4147 256 4208 mondum,
274 4147 326 4198 To.
346 4187 377 4196 ..
404 4153 427 4193 et
441 4145 492 4195 vine
506 4162 576 4207 aura,
594 4149 726 4212 Theophr.
744 4150 760 4199 l.
778 4151 795 4199 l.
813 4156 891 4210 2,12.
909 4152 1003 4213 11793.
1024 4187 1054 4196 ..
1078 4144 1174 4210 plumae
1191 4147 1259 4197 inra-

139 4216 286 4274 tontes,'1'd.
307 4256 337 4265 ..
356 4213 489 4277 campanis,
500 4213 552 4264 Td.
570 4231 708 4279 campanus,
720 4232 743 4265 a.
763 4210 795 4266 ..⁸
812 4223 933 4265 venturam
946 4221 1112 4279 tempestatem,
1124 4217 1168 4266 ad.
1190 4223 1257 4280 temp.

138 4290 207 4344 vert,
219 4278 269 4347 βγ.
288 4310 320 4335 ;.
338 4280 534 4346 siparflcutionem
546 4279 625 4345 labet,
636 4284 680 4334 ad.
699 4281 769 4333 labat
778 4283 870 4349 siprffi,
881 4278 931 4346 βγ.
