<?xml version="1.0" encoding="UTF-8"?>
<!DOCTYPE html PUBLIC "-//W3C//DTD XHTML 1.0 Transitional//EN"
    "http://www.w3.org/TR/xhtml1/DTD/xhtml1-transitional.dtd">
<html xmlns="http://www.w3.org/1999/xhtml" xml:lang="en" lang="en">
 <head>
  <title>
</title>
<meta http-equiv="Content-Type" content="text/html;charset=utf-8" />
  <meta name='ocr-system' content='tesseract 3.04.00' />
  <meta name='ocr-capabilities' content='ocr_page ocr_carea ocr_par ocr_line ocrx_word'/>
</head>
<body>
  <div class='ocr_page' id='page_1' title='image "./cplinisecundina11plingoog_0092.png"; bbox 0 0 2896 4792; ppageno 0'>
   <div class='ocr_carea' id='block_1_1' title="bbox 434 272 1267 336">
    <p class='ocr_par' dir='ltr' id='par_1_1' title="bbox 434 272 1267 336">
     <span class='ocr_line' id='line_1_1' title="bbox 434 272 1267 336; baseline 0.007 -6"><span class='ocrx_word' id='word_1_1' title='bbox 434 284 506 332; x_wconf 82' lang='lat' dir='ltr'><strong>nm.</strong></span> <span class='ocrx_word' id='word_1_2' title='bbox 520 286 610 333; x_wconf 84' lang='lat' dir='ltr'><strong>xvn.</strong></span> <span class='ocrx_word' id='word_1_3' title='bbox 639 285 719 334; x_wconf 78' lang='lat' dir='ltr'><strong>aar.</strong></span> <span class='ocrx_word' id='word_1_4' title='bbox 733 286 769 333; x_wconf 81' lang='lat' dir='ltr'><strong>n.</strong></span> <span class='ocrx_word' id='word_1_5' title='bbox 800 285 898 332; x_wconf 87' lang='lat' dir='ltr'><strong>sncr.</strong></span> <span class='ocrx_word' id='word_1_6' title='bbox 914 288 996 330; x_wconf 62' lang='lat' dir='ltr'><strong>una</strong></span> <span class='ocrx_word' id='word_1_7' title='bbox 1224 272 1267 336; x_wconf 79' lang='lat' dir='ltr'><strong>st</strong></span> 
     </span>
    </p>
   </div>
   <div class='ocr_carea' id='block_1_2' title="bbox 82 434 1313 3158">
    <p class='ocr_par' dir='ltr' id='par_1_2' title="bbox 140 434 1313 1536">
     <span class='ocr_line' id='line_1_2' title="bbox 186 434 1312 526; baseline -0.001 -23"><span class='ocrx_word' id='word_1_8' title='bbox 186 437 238 503; x_wconf 77' lang='lat'><strong>13.</strong></span> <span class='ocrx_word' id='word_1_9' title='bbox 271 435 319 502; x_wconf 79' lang='lat' dir='ltr'><strong>Et</strong></span> <span class='ocrx_word' id='word_1_10' title='bbox 339 434 428 502; x_wconf 86' lang='lat' dir='ltr'><strong>alind</strong></span> <span class='ocrx_word' id='word_1_11' title='bbox 448 458 553 526; x_wconf 84' lang='lat' dir='ltr'><strong>genus</strong></span> <span class='ocrx_word' id='word_1_12' title='bbox 574 436 677 502; x_wconf 90' lang='lat' dir='ltr'><strong>simile</strong></span> <span class='ocrx_word' id='word_1_13' title='bbox 700 437 890 502; x_wconf 87' lang='lat' dir='ltr'><strong>monstravit</strong></span> <span class='ocrx_word' id='word_1_14' title='bbox 913 437 1077 521; x_wconf 88' lang='lat' dir='ltr'><strong>avolsique</strong></span> <span class='ocrx_word' id='word_1_15' title='bbox 1098 437 1267 505; x_wconf 82' lang='lat' dir='ltr'><strong>arboribus</strong></span> <span class='ocrx_word' id='word_1_16' title='bbox 1279 455 1312 502; x_wconf 82' lang='lat' dir='ltr'><strong>ot</strong></span> 
     </span>
     <span class='ocr_line' id='line_1_3' title="bbox 142 538 1269 625; baseline 0.001 -21"><span class='ocrx_word' id='word_1_17' title='bbox 142 539 287 604; x_wconf 86' lang='lat' dir='ltr'><strong>stolones</strong></span> <span class='ocrx_word' id='word_1_18' title='bbox 306 538 429 617; x_wconf 81' lang='lat' dir='ltr'><strong>vixere,</strong></span> <span class='ocrx_word' id='word_1_19' title='bbox 450 560 516 623; x_wconf 93' lang='lat' dir='ltr'><strong>qno</strong></span> <span class='ocrx_word' id='word_1_20' title='bbox 536 538 571 602; x_wconf 92' lang='lat' dir='ltr'><strong>in</strong></span> <span class='ocrx_word' id='word_1_21' title='bbox 591 560 710 625; x_wconf 83' lang='lat' dir='ltr'><strong>genera</strong></span> <span class='ocrx_word' id='word_1_22' title='bbox 731 547 768 602; x_wconf 93' lang='lat' dir='ltr'><strong>ut</strong></span> <span class='ocrx_word' id='word_1_23' title='bbox 788 560 862 603; x_wconf 91' lang='lat' dir='ltr'><strong>cum</strong></span> <span class='ocrx_word' id='word_1_24' title='bbox 882 560 983 624; x_wconf 89' lang='lat' dir='ltr'><strong>perna</strong></span> <span class='ocrx_word' id='word_1_25' title='bbox 1009 560 1069 603; x_wconf 85' lang='lat' dir='ltr'><strong>sua</strong></span> <span class='ocrx_word' id='word_1_26' title='bbox 1088 538 1269 605; x_wconf 86' lang='lat' dir='ltr'><strong>avelluntur</strong></span> 
     </span>
     <span class='ocr_line' id='line_1_4' title="bbox 141 639 1268 726; baseline -0.002 -20"><span class='ocrx_word' id='word_1_27' title='bbox 141 650 332 726; x_wconf 78' lang='lat' dir='ltr'><strong>partemque</strong></span> <span class='ocrx_word' id='word_1_28' title='bbox 353 639 494 724; x_wconf 88' lang='lat' dir='ltr'><strong>aliquam</strong></span> <span class='ocrx_word' id='word_1_29' title='bbox 516 661 535 704; x_wconf 95' lang='lat' dir='ltr'><strong>e</strong></span> <span class='ocrx_word' id='word_1_30' title='bbox 555 639 667 704; x_wconf 86' lang='lat' dir='ltr'><strong>matris</strong></span> <span class='ocrx_word' id='word_1_31' title='bbox 687 660 813 724; x_wconf 89' lang='lat' dir='ltr'><strong>qnoque</strong></span> <span class='ocrx_word' id='word_1_32' title='bbox 835 661 969 725; x_wconf 87' lang='lat' dir='ltr'><strong>corpore</strong></span> <span class='ocrx_word' id='word_1_33' title='bbox 983 640 1135 705; x_wconf 89' lang='lat' dir='ltr'><strong>auferunt</strong></span> <span class='ocrx_word' id='word_1_34' title='bbox 1158 661 1268 704; x_wconf 92' lang='lat' dir='ltr'><strong>secum</strong></span> 
     </span>
     <span class='ocr_line' id='line_1_5' title="bbox 140 738 1267 827; baseline -0.001 -21"><span class='ocrx_word' id='word_1_35' title='bbox 140 738 305 807; x_wconf 83' lang='lat' dir='ltr'><strong>fimbriato</strong></span> <span class='ocrx_word' id='word_1_36' title='bbox 318 763 462 827; x_wconf 87' lang='lat' dir='ltr'><strong>corpore.</strong></span> <span class='ocrx_word' id='word_1_37' title='bbox 484 740 559 805; x_wconf 89' lang='lat' dir='ltr'><strong>Hoc</strong></span> <span class='ocrx_word' id='word_1_38' title='bbox 573 741 668 805; x_wconf 90' lang='lat' dir='ltr'><strong>modo</strong></span> <span class='ocrx_word' id='word_1_39' title='bbox 682 741 868 827; x_wconf 81' lang='lat' dir='ltr'><strong>plantantur</strong></span> <span class='ocrx_word' id='word_1_40' title='bbox 882 740 1031 825; x_wconf 89' lang='lat' dir='ltr'><strong>punicae,</strong></span> <span class='ocrx_word' id='word_1_41' title='bbox 1053 741 1165 826; x_wconf 87' lang='lat' dir='ltr'><strong>coryli,</strong></span> <span class='ocrx_word' id='word_1_42' title='bbox 1180 740 1267 820; x_wconf 84' lang='lat' dir='ltr'><strong>mali,</strong></span> 
     </span>
     <span class='ocr_line' id='line_1_6' title="bbox 141 841 1267 928; baseline -0.001 -19"><span class='ocrx_word' id='word_1_43' title='bbox 141 841 241 921; x_wconf 88' lang='lat' dir='ltr'><strong>sorbi,</strong></span> <span class='ocrx_word' id='word_1_44' title='bbox 268 843 439 928; x_wconf 73' lang='lat' dir='ltr'><strong>mespilae,</strong></span> <span class='ocrx_word' id='word_1_45' title='bbox 465 841 598 921; x_wconf 81' lang='lat' dir='ltr'><strong>fraxini,</strong></span> <span class='ocrx_word' id='word_1_46' title='bbox 623 841 677 908; x_wconf 90' lang='lat' dir='ltr'><strong>fici</strong></span> <span class='ocrx_word' id='word_1_47' title='bbox 703 842 738 906; x_wconf 92' lang='lat' dir='ltr'><strong>in</strong></span> <span class='ocrx_word' id='word_1_48' title='bbox 765 842 940 928; x_wconf 79' lang='lat' dir='ltr'>primisque</span> <span class='ocrx_word' id='word_1_49' title='bbox 966 843 1067 920; x_wconf 83' lang='lat' dir='ltr'><strong>vites3</strong></span> <span class='ocrx_word' id='word_1_50' title='bbox 1098 853 1267 909; x_wconf 73' lang='lat' dir='ltr'><strong>cotoneum</strong></span> 
     </span>
     <span class='ocr_line' id='line_1_7' title="bbox 141 942 1313 1031; baseline -0.001 -22"><span class='ocrx_word' id='word_1_51' title='bbox 141 945 187 1009; x_wconf 81' lang='lat' dir='ltr'><strong>ita</strong></span> <span class='ocrx_word' id='word_1_52' title='bbox 206 956 315 1010; x_wconf 81' lang='lat' dir='ltr'><strong>satum</strong></span> <span class='ocrx_word' id='word_1_53' title='bbox 336 944 520 1031; x_wconf 82' lang='lat' dir='ltr'><strong>degenerat.</strong></span> <span class='ocrx_word' id='word_1_54' title='bbox 556 942 610 1008; x_wconf 82' lang='lat' dir='ltr'><strong>Ex</strong></span> <span class='ocrx_word' id='word_1_55' title='bbox 631 944 744 1009; x_wconf 91' lang='lat' dir='ltr'><strong>eodem</strong></span> <span class='ocrx_word' id='word_1_56' title='bbox 771 943 938 1009; x_wconf 84' lang='lat' dir='ltr'><strong>inventum</strong></span> <span class='ocrx_word' id='word_1_57' title='bbox 963 955 1012 1010; x_wconf 89' lang='lat' dir='ltr'><strong>est</strong></span> <span class='ocrx_word' id='word_1_58' title='bbox 1037 945 1182 1011; x_wconf 86' lang='lat' dir='ltr'><strong>surculos</strong></span> <span class='ocrx_word' id='word_1_59' title='bbox 1208 944 1267 1011; x_wconf 84' lang='lat' dir='ltr'><strong>ab·</strong></span> <span class='ocrx_word' id='word_1_60' title='bbox 1281 963 1313 1009; x_wconf 85' lang='lat' dir='ltr'><strong>es</strong></span> 
     </span>
     <span class='ocr_line' id='line_1_8' title="bbox 142 1044 1266 1135; baseline 0.002 -23"><span class='ocrx_word' id='word_1_61' title='bbox 142 1044 243 1112; x_wconf 74' lang='lat' dir='ltr'><strong>scitos</strong></span> <span class='ocrx_word' id='word_1_62' title='bbox 264 1066 390 1121; x_wconf 86' lang='lat' dir='ltr'><strong>serers;</strong></span> <span class='ocrx_word' id='word_1_63' title='bbox 412 1046 474 1111; x_wconf 95' lang='lat' dir='ltr'><strong>hoc</strong></span> <span class='ocrx_word' id='word_1_64' title='bbox 495 1045 601 1131; x_wconf 90' lang='lat' dir='ltr'><strong>primo</strong></span> <span class='ocrx_word' id='word_1_65' title='bbox 621 1046 729 1135; x_wconf 83' lang='lat' dir='ltr'><strong>saepis</strong></span> <span class='ocrx_word' id='word_1_66' title='bbox 754 1069 852 1112; x_wconf 91' lang='lat' dir='ltr'><strong>causa</strong></span> <span class='ocrx_word' id='word_1_67' title='bbox 872 1048 992 1111; x_wconf 86' lang='lat' dir='ltr'><strong>factum</strong></span> <span class='ocrx_word' id='word_1_68' title='bbox 1015 1045 1188 1126; x_wconf 90' lang='lat' dir='ltr'><strong>sambucis,</strong></span> <span class='ocrx_word' id='word_1_69' title='bbox 1211 1070 1266 1114; x_wconf 91' lang='lat' dir='ltr'><strong>co·</strong></span> 
     </span>
     <span class='ocr_line' id='line_1_9' title="bbox 142 1146 1267 1235; baseline 0.002 -25"><span class='ocrx_word' id='word_1_70' title='bbox 142 1155 237 1211; x_wconf 88' lang='lat' dir='ltr'><strong>tonso</strong></span> <span class='ocrx_word' id='word_1_71' title='bbox 258 1156 291 1212; x_wconf 90' lang='lat' dir='ltr'><strong>et</strong></span> <span class='ocrx_word' id='word_1_72' title='bbox 309 1146 402 1213; x_wconf 90' lang='lat' dir='ltr'><strong>rubis</strong></span> <span class='ocrx_word' id='word_1_73' title='bbox 427 1147 584 1233; x_wconf 87' lang='lat' dir='ltr'><strong>depactis,</strong></span> <span class='ocrx_word' id='word_1_74' title='bbox 611 1169 687 1212; x_wconf 89' lang='lat' dir='ltr'><strong>mox</strong></span> <span class='ocrx_word' id='word_1_75' title='bbox 707 1157 740 1212; x_wconf 92' lang='lat' dir='ltr'><strong>et</strong></span> <span class='ocrx_word' id='word_1_76' title='bbox 759 1148 914 1226; x_wconf 87' lang='lat' dir='ltr'><strong>culturae,</strong></span> <span class='ocrx_word' id='word_1_77' title='bbox 942 1159 979 1213; x_wconf 93' lang='lat' dir='ltr'><strong>ut</strong></span> <span class='ocrx_word' id='word_1_78' title='bbox 1007 1148 1145 1235; x_wconf 90' lang='lat' dir='ltr'><strong>populis,</strong></span> <span class='ocrx_word' id='word_1_79' title='bbox 1172 1148 1267 1229; x_wconf 85' lang='lat' dir='ltr'><strong>alnis,</strong></span> 
     </span>
     <span class='ocr_line' id='line_1_10' title="bbox 142 1246 1266 1336; baseline 0.002 -23"><span class='ocrx_word' id='word_1_80' title='bbox 142 1246 234 1313; x_wconf 75' lang='lat' dir='ltr'><strong>salici</strong></span> <span class='ocrx_word' id='word_1_81' title='bbox 253 1268 338 1331; x_wconf 82' lang='lat' dir='ltr'><strong>quae</strong></span> <span class='ocrx_word' id='word_1_82' title='bbox 357 1248 411 1314; x_wconf 82' lang='lat' dir='ltr'><strong>vel</strong></span> <span class='ocrx_word' id='word_1_83' title='bbox 431 1247 560 1314; x_wconf 89' lang='lat' dir='ltr'><strong>inverso</strong></span> <span class='ocrx_word' id='word_1_84' title='bbox 583 1249 711 1314; x_wconf 88' lang='lat' dir='ltr'><strong>surculo</strong></span> <span class='ocrx_word' id='word_1_85' title='bbox 733 1248 859 1314; x_wconf 86' lang='lat' dir='ltr'><strong>seritur.</strong></span> <span class='ocrx_word' id='word_1_86' title='bbox 895 1247 965 1314; x_wconf 89' lang='lat' dir='ltr'><strong>Iam</strong></span> <span class='ocrx_word' id='word_1_87' title='bbox 991 1250 1053 1316; x_wconf 91' lang='lat' dir='ltr'><strong>hae</strong></span> <span class='ocrx_word' id='word_1_88' title='bbox 1079 1250 1125 1315; x_wconf 91' lang='lat' dir='ltr'><strong>ibi</strong></span> <span class='ocrx_word' id='word_1_89' title='bbox 1155 1251 1266 1336; x_wconf 87' lang='lat' dir='ltr'><strong>dispo·</strong></span> 
     </span>
     <span class='ocr_line' id='line_1_11' title="bbox 141 1347 1268 1434; baseline 0.004 -22"><span class='ocrx_word' id='word_1_90' title='bbox 141 1359 273 1428; x_wconf 86' lang='lat' dir='ltr'><strong>nnntnr,</strong></span> <span class='ocrx_word' id='word_1_91' title='bbox 291 1348 353 1414; x_wconf 87' lang='lat' dir='ltr'><strong>nbi</strong></span> <span class='ocrx_word' id='word_1_92' title='bbox 372 1347 473 1414; x_wconf 87' lang='lat' dir='ltr'><strong>libeat</strong></span> <span class='ocrx_word' id='word_1_93' title='bbox 494 1370 564 1414; x_wconf 90' lang='lat' dir='ltr'><strong>esse</strong></span> <span class='ocrx_word' id='word_1_94' title='bbox 584 1371 656 1424; x_wconf 80' lang='lat' dir='ltr'><strong>eas3</strong></span> <span class='ocrx_word' id='word_1_95' title='bbox 679 1349 888 1434; x_wconf 89' lang='lat' dir='ltr'><strong>quamobrem</strong></span> <span class='ocrx_word' id='word_1_96' title='bbox 903 1350 1052 1414; x_wconf 87' lang='lat' dir='ltr'><strong>seminari</strong></span> <span class='ocrx_word' id='word_1_97' title='bbox 1067 1372 1178 1417; x_wconf 77' lang='lat' dir='ltr'><strong>cruam</strong></span> <span class='ocrx_word' id='word_1_98' title='bbox 1192 1362 1268 1417; x_wconf 86' lang='lat' dir='ltr'><strong>ante</strong></span> 
     </span>
     <span class='ocr_line' id='line_1_12' title="bbox 142 1451 996 1536; baseline -0.002 -19"><span class='ocrx_word' id='word_1_99' title='bbox 142 1451 293 1517; x_wconf 86' lang='lat' dir='ltr'><strong>convenit</strong></span> <span class='ocrx_word' id='word_1_100' title='bbox 313 1451 378 1516; x_wconf 89' lang='lat' dir='ltr'><strong>dici</strong></span> <span class='ocrx_word' id='word_1_101' title='bbox 398 1472 495 1536; x_wconf 89' lang='lat' dir='ltr'><strong>quam</strong></span> <span class='ocrx_word' id='word_1_102' title='bbox 517 1460 698 1515; x_wconf 77' lang='lat' dir='ltr'><strong>transeatur</strong></span> <span class='ocrx_word' id='word_1_103' title='bbox 719 1451 761 1514; x_wconf 91' lang='lat' dir='ltr'><strong>ad</strong></span> <span class='ocrx_word' id='word_1_104' title='bbox 782 1451 846 1516; x_wconf 86' lang='lat' dir='ltr'><strong>alia</strong></span> <span class='ocrx_word' id='word_1_105' title='bbox 866 1472 996 1536; x_wconf 83' lang='lat' dir='ltr'><strong>genera.</strong></span> 
     </span>
    </p>

    <p class='ocr_par' dir='ltr' id='par_1_3' title="bbox 82 1550 1313 3158">
     <span class='ocr_line' id='line_1_13' title="bbox 184 1550 1312 1641; baseline -0.001 -26"><span class='ocrx_word' id='word_1_106' title='bbox 184 1553 237 1616; x_wconf 84' lang='lat'><strong>14.</strong></span> <span class='ocrx_word' id='word_1_107' title='bbox 257 1550 406 1636; x_wconf 89' lang='lat' dir='ltr'><strong>Namque</strong></span> <span class='ocrx_word' id='word_1_108' title='bbox 427 1551 525 1616; x_wconf 92' lang='lat' dir='ltr'><strong>adid</strong></span> <span class='ocrx_word' id='word_1_109' title='bbox 547 1551 756 1637; x_wconf 85' lang='lat' dir='ltr'><strong>praecipuum</strong></span> <span class='ocrx_word' id='word_1_110' title='bbox 770 1551 848 1641; x_wconf 86' lang='lat' dir='ltr'><strong>eligi</strong></span> <span class='ocrx_word' id='word_1_111' title='bbox 863 1553 966 1617; x_wconf 91' lang='lat' dir='ltr'><strong>solum</strong></span> <span class='ocrx_word' id='word_1_112' title='bbox 981 1552 1093 1630; x_wconf 87' lang='lat' dir='ltr'><strong>refert,</strong></span> <span class='ocrx_word' id='word_1_113' title='bbox 1115 1551 1268 1636; x_wconf 83' lang='lat' dir='ltr'><strong>quoniam</strong></span> <span class='ocrx_word' id='word_1_114' title='bbox 1280 1569 1312 1615; x_wconf 84' lang='lat' dir='ltr'><strong>oa</strong></span> 
     </span>
     <span class='ocr_line' id='line_1_14' title="bbox 139 1652 1266 1742; baseline 0.001 -25"><span class='ocrx_word' id='word_1_115' title='bbox 139 1652 300 1721; x_wconf 85' lang='lat' dir='ltr'><strong>nutricem</strong></span> <span class='ocrx_word' id='word_1_116' title='bbox 319 1652 591 1742; x_wconf 85' lang='lat' dir='ltr'><strong>indulgentiorem</strong></span> <span class='ocrx_word' id='word_1_117' title='bbox 613 1675 684 1719; x_wconf 88' lang='lat' dir='ltr'><strong>esse</strong></span> <span class='ocrx_word' id='word_1_118' title='bbox 705 1675 802 1737; x_wconf 91' lang='lat' dir='ltr'><strong>quam</strong></span> <span class='ocrx_word' id='word_1_119' title='bbox 823 1663 958 1718; x_wconf 90' lang='lat' dir='ltr'><strong>matrem</strong></span> <span class='ocrx_word' id='word_1_120' title='bbox 981 1675 1077 1739; x_wconf 83' lang='lat' dir='ltr'><strong>saepe</strong></span> <span class='ocrx_word' id='word_1_121' title='bbox 1098 1653 1250 1719; x_wconf 83' lang='lat' dir='ltr'><strong>convenit</strong></span> <span class='ocrx_word' id='word_1_122' title='bbox 1256 1677 1266 1729; x_wconf 80' lang='lat'><em>3</em></span> 
     </span>
     <span class='ocr_line' id='line_1_15' title="bbox 142 1753 1266 1842; baseline 0.003 -24"><span class='ocrx_word' id='word_1_123' title='bbox 142 1753 184 1818; x_wconf 86' lang='lat' dir='ltr'><strong>sit</strong></span> <span class='ocrx_word' id='word_1_124' title='bbox 204 1775 285 1842; x_wconf 81' lang='lat' dir='ltr'><strong>ergo</strong></span> <span class='ocrx_word' id='word_1_125' title='bbox 305 1754 426 1820; x_wconf 72' lang='lat' dir='ltr'><strong>docum</strong></span> <span class='ocrx_word' id='word_1_126' title='bbox 448 1776 672 1840; x_wconf 85' lang='lat' dir='ltr'><strong>sucosumque,</strong></span> <span class='ocrx_word' id='word_1_127' title='bbox 701 1754 821 1839; x_wconf 89' lang='lat' dir='ltr'><strong>bipalio</strong></span> <span class='ocrx_word' id='word_1_128' title='bbox 844 1754 1023 1833; x_wconf 89' lang='lat' dir='ltr'><strong>subactum,</strong></span> <span class='ocrx_word' id='word_1_129' title='bbox 1055 1755 1187 1820; x_wconf 87' lang='lat' dir='ltr'><strong>advenis</strong></span> <span class='ocrx_word' id='word_1_130' title='bbox 1208 1754 1266 1821; x_wconf 91' lang='lat' dir='ltr'><strong>ho·</strong></span> 
     </span>
     <span class='ocr_line' id='line_1_16' title="bbox 140 1853 1266 1941; baseline 0.004 -22"><span class='ocrx_word' id='word_1_131' title='bbox 140 1853 259 1940; x_wconf 80' lang='lat' dir='ltr'><strong>spitale</strong></span> <span class='ocrx_word' id='word_1_132' title='bbox 288 1865 322 1920; x_wconf 85' lang='lat' dir='ltr'><strong>et</strong></span> <span class='ocrx_word' id='word_1_133' title='bbox 347 1877 444 1940; x_wconf 87' lang='lat' dir='ltr'><strong>qnam</strong></span> <span class='ocrx_word' id='word_1_134' title='bbox 472 1854 667 1921; x_wconf 88' lang='lat' dir='ltr'><strong>simillimum</strong></span> <span class='ocrx_word' id='word_1_135' title='bbox 694 1866 815 1933; x_wconf 84' lang='lat' dir='ltr'><strong>terrae,</strong></span> <span class='ocrx_word' id='word_1_136' title='bbox 842 1857 876 1920; x_wconf 94' lang='lat' dir='ltr'><strong>in</strong></span> <span class='ocrx_word' id='word_1_137' title='bbox 902 1879 1000 1941; x_wconf 88' lang='lat' dir='ltr'><strong>quam</strong></span> <span class='ocrx_word' id='word_1_138' title='bbox 1028 1857 1266 1923; x_wconf 73' lang='lat' dir='ltr'><strong>transferendae</strong></span> 
     </span>
     <span class='ocr_line' id='line_1_17' title="bbox 139 1955 1267 2042; baseline 0.004 -22"><span class='ocrx_word' id='word_1_139' title='bbox 139 1955 222 2034; x_wconf 87' lang='lat' dir='ltr'><strong>sint,</strong></span> <span class='ocrx_word' id='word_1_140' title='bbox 244 1966 320 2021; x_wconf 78' lang='lat' dir='ltr'><strong>ante</strong></span> <span class='ocrx_word' id='word_1_141' title='bbox 339 1956 448 2020; x_wconf 83' lang='lat' dir='ltr'><strong>omnia</strong></span> <span class='ocrx_word' id='word_1_142' title='bbox 468 1955 665 2042; x_wconf 90' lang='lat' dir='ltr'><strong>elapidatum</strong></span> <span class='ocrx_word' id='word_1_143' title='bbox 686 1956 909 2039; x_wconf 89' lang='lat' dir='ltr'><strong>munitumque</strong></span> <span class='ocrx_word' id='word_1_144' title='bbox 930 1957 972 2020; x_wconf 92' lang='lat' dir='ltr'><strong>ad</strong></span> <span class='ocrx_word' id='word_1_145' title='bbox 985 1956 1150 2022; x_wconf 87' lang='lat' dir='ltr'><strong>incursum</strong></span> <span class='ocrx_word' id='word_1_146' title='bbox 1171 1958 1267 2024; x_wconf 81' lang='lat' dir='ltr'><strong>etiam</strong></span> 
     </span>
     <span class='ocr_line' id='line_1_18' title="bbox 140 2056 1267 2146; baseline 0.004 -24"><span class='ocrx_word' id='word_1_147' title='bbox 140 2057 313 2146; x_wconf 81' lang='lat' dir='ltr'><strong>gallinacei</strong></span> <span class='ocrx_word' id='word_1_148' title='bbox 335 2058 475 2142; x_wconf 84' lang='lat' dir='ltr'><strong>generis,</strong></span> <span class='ocrx_word' id='word_1_149' title='bbox 497 2079 594 2141; x_wconf 90' lang='lat' dir='ltr'><strong>quam</strong></span> <span class='ocrx_word' id='word_1_150' title='bbox 614 2057 755 2121; x_wconf 91' lang='lat' dir='ltr'><strong>minume</strong></span> <span class='ocrx_word' id='word_1_151' title='bbox 776 2056 941 2135; x_wconf 88' lang='lat' dir='ltr'><strong>rimosum,</strong></span> <span class='ocrx_word' id='word_1_152' title='bbox 963 2081 1005 2123; x_wconf 95' lang='lat' dir='ltr'><strong>ne</strong></span> <span class='ocrx_word' id='word_1_153' title='bbox 1026 2071 1196 2144; x_wconf 86' lang='lat' dir='ltr'><strong>penetrans</strong></span> <span class='ocrx_word' id='word_1_154' title='bbox 1219 2061 1267 2127; x_wconf 88' lang='lat' dir='ltr'><strong>sol</strong></span> 
     </span>
     <span class='ocr_line' id='line_1_19' title="bbox 138 2157 1313 2244; baseline 0.003 -19"><span class='ocrx_word' id='word_1_155' title='bbox 138 2169 257 2225; x_wconf 78' lang='lat' dir='ltr'><strong>exurat</strong></span> <span class='ocrx_word' id='word_1_156' title='bbox 275 2157 392 2235; x_wconf 83' lang='lat' dir='ltr'><strong>fibras3</strong></span> <span class='ocrx_word' id='word_1_157' title='bbox 419 2158 585 2223; x_wconf 85' lang='lat' dir='ltr'><strong>intervallo</strong></span> <span class='ocrx_word' id='word_1_158' title='bbox 613 2158 844 2244; x_wconf 90' lang='lat' dir='ltr'><strong>sesquipedum</strong></span> <span class='ocrx_word' id='word_1_159' title='bbox 865 2159 945 2237; x_wconf 83' lang='lat' dir='ltr'><strong>seri3</strong></span> <span class='ocrx_word' id='word_1_160' title='bbox 973 2182 1049 2224; x_wconf 93' lang='lat' dir='ltr'><strong>nam</strong></span> <span class='ocrx_word' id='word_1_161' title='bbox 1076 2160 1104 2226; x_wconf 93' lang='lat' dir='ltr'><strong>si</strong></span> <span class='ocrx_word' id='word_1_162' title='bbox 1124 2161 1211 2226; x_wconf 91' lang='lat' dir='ltr'><strong>inter</strong></span> <span class='ocrx_word' id='word_1_163' title='bbox 1231 2184 1266 2228; x_wconf 91' lang='lat' dir='ltr'><strong>se</strong></span> <span class='ocrx_word' id='word_1_164' title='bbox 1281 2172 1313 2220; x_wconf 84' lang='lat'><strong>⁷0</strong></span> 
     </span>
     <span class='ocr_line' id='line_1_20' title="bbox 139 2259 1265 2348; baseline 0.002 -22"><span class='ocrx_word' id='word_1_165' title='bbox 139 2259 345 2348; x_wconf 77' lang='lat' dir='ltr'><strong>contingant,</strong></span> <span class='ocrx_word' id='word_1_166' title='bbox 374 2270 503 2345; x_wconf 82' lang='lat' dir='ltr'><strong>praeter</strong></span> <span class='ocrx_word' id='word_1_167' title='bbox 530 2259 594 2326; x_wconf 85' lang='lat' dir='ltr'><strong>alia</strong></span> <span class='ocrx_word' id='word_1_168' title='bbox 620 2259 700 2325; x_wconf 87' lang='lat' dir='ltr'><strong>vitia</strong></span> <span class='ocrx_word' id='word_1_169' title='bbox 733 2260 828 2324; x_wconf 89' lang='lat' dir='ltr'><strong>etiam</strong></span> <span class='ocrx_word' id='word_1_170' title='bbox 854 2260 1036 2326; x_wconf 86' lang='lat' dir='ltr'><strong>verminosa</strong></span> <span class='ocrx_word' id='word_1_171' title='bbox 1063 2262 1160 2338; x_wconf 82' lang='lat' dir='ltr'><strong>fiunt3</strong></span> <span class='ocrx_word' id='word_1_172' title='bbox 1193 2263 1265 2329; x_wconf 90' lang='lat' dir='ltr'><strong>ideo</strong></span> 
     </span>
     <span class='ocr_line' id='line_1_21' title="bbox 140 2360 1266 2447; baseline 0.002 -20"><span class='ocrx_word' id='word_1_173' title='bbox 140 2360 252 2427; x_wconf 86' lang='lat' dir='ltr'><strong>sarriri</strong></span> <span class='ocrx_word' id='word_1_174' title='bbox 278 2361 430 2427; x_wconf 82' lang='lat' dir='ltr'><strong>convenit</strong></span> <span class='ocrx_word' id='word_1_175' title='bbox 456 2361 584 2447; x_wconf 88' lang='lat' dir='ltr'><strong>saepius</strong></span> <span class='ocrx_word' id='word_1_176' title='bbox 610 2360 791 2445; x_wconf 88' lang='lat' dir='ltr'><strong>herbasque</strong></span> <span class='ocrx_word' id='word_1_177' title='bbox 818 2362 922 2440; x_wconf 87' lang='lat' dir='ltr'><strong>evelli,</strong></span> <span class='ocrx_word' id='word_1_178' title='bbox 951 2373 1119 2447; x_wconf 87' lang='lat' dir='ltr'><strong>praeterea</strong></span> <span class='ocrx_word' id='word_1_179' title='bbox 1144 2364 1266 2429; x_wconf 76' lang='lat' dir='ltr'><strong>semina</strong></span> 
     </span>
     <span class='ocr_line' id='line_1_22' title="bbox 137 2461 1308 2548; baseline 0 -21"><span class='ocrx_word' id='word_1_180' title='bbox 137 2462 212 2548; x_wconf 87' lang='lat' dir='ltr'><strong>ipsa</strong></span> <span class='ocrx_word' id='word_1_181' title='bbox 231 2461 418 2529; x_wconf 82' lang='lat' dir='ltr'><strong>fruticantia</strong></span> <span class='ocrx_word' id='word_1_182' title='bbox 438 2472 613 2548; x_wconf 88' lang='lat' dir='ltr'><strong>supputare</strong></span> <span class='ocrx_word' id='word_1_183' title='bbox 635 2484 673 2528; x_wconf 90' lang='lat' dir='ltr'><strong>ac</strong></span> <span class='ocrx_word' id='word_1_184' title='bbox 700 2461 816 2527; x_wconf 88' lang='lat' dir='ltr'><strong>falcem</strong></span> <span class='ocrx_word' id='word_1_185' title='bbox 837 2464 905 2548; x_wconf 88' lang='lat' dir='ltr'><strong>pati</strong></span> <span class='ocrx_word' id='word_1_186' title='bbox 927 2486 1145 2530; x_wconf 80' lang='lat' dir='ltr'><strong>consuescere.</strong></span> <span class='ocrx_word' id='word_1_187' title='bbox 1182 2461 1265 2529; x_wconf 89' lang='lat' dir='ltr'><strong>Cato</strong></span> <span class='ocrx_word' id='word_1_188' title='bbox 1278 2473 1308 2522; x_wconf 90' lang='grc'><strong>71</strong></span> 
     </span>
     <span class='ocr_line' id='line_1_23' title="bbox 138 2562 1265 2649; baseline 0.002 -22"><span class='ocrx_word' id='word_1_189' title='bbox 138 2572 173 2627; x_wconf 85' lang='lat' dir='ltr'><strong>et</strong></span> <span class='ocrx_word' id='word_1_190' title='bbox 199 2562 299 2628; x_wconf 90' lang='lat' dir='ltr'><strong>furcis</strong></span> <span class='ocrx_word' id='word_1_191' title='bbox 326 2562 422 2628; x_wconf 85' lang='lat' dir='ltr'><strong>cratis</strong></span> <span class='ocrx_word' id='word_1_192' title='bbox 451 2563 564 2649; x_wconf 89' lang='lat' dir='ltr'><strong>inponi</strong></span> <span class='ocrx_word' id='word_1_193' title='bbox 595 2562 687 2628; x_wconf 90' lang='lat' dir='ltr'><strong>iubet</strong></span> <span class='ocrx_word' id='word_1_194' title='bbox 720 2562 890 2628; x_wconf 88' lang='lat' dir='ltr'><strong>altitudine</strong></span> <span class='ocrx_word' id='word_1_195' title='bbox 922 2562 1058 2629; x_wconf 90' lang='lat' dir='ltr'><strong>hominis</strong></span> <span class='ocrx_word' id='word_1_196' title='bbox 1089 2565 1132 2628; x_wconf 90' lang='lat' dir='ltr'><strong>ad</strong></span> <span class='ocrx_word' id='word_1_197' title='bbox 1164 2565 1265 2629; x_wconf 92' lang='lat' dir='ltr'><strong>solem</strong></span> 
     </span>
     <span class='ocr_line' id='line_1_24' title="bbox 82 2662 1264 2750; baseline 0.001 -23"><span class='ocrx_word' id='word_1_198' title='bbox 82 2714 86 2719; x_wconf 88' lang='lat'><strong>.</strong></span> <span class='ocrx_word' id='word_1_199' title='bbox 138 2662 362 2749; x_wconf 86' lang='lat' dir='ltr'><strong>recipiendum</strong></span> <span class='ocrx_word' id='word_1_200' title='bbox 387 2672 482 2748; x_wconf 85' lang='lat' dir='ltr'><strong>atque</strong></span> <span class='ocrx_word' id='word_1_201' title='bbox 503 2664 606 2749; x_wconf 83' lang='lat' dir='ltr'><strong>integi</strong></span> <span class='ocrx_word' id='word_1_202' title='bbox 627 2663 732 2728; x_wconf 88' lang='lat' dir='ltr'><strong>culmo</strong></span> <span class='ocrx_word' id='word_1_203' title='bbox 754 2662 796 2728; x_wconf 90' lang='lat' dir='ltr'><strong>ad</strong></span> <span class='ocrx_word' id='word_1_204' title='bbox 817 2663 940 2749; x_wconf 86' lang='lat' dir='ltr'><strong>frigora</strong></span> <span class='ocrx_word' id='word_1_205' title='bbox 959 2663 1097 2728; x_wconf 85' lang='lat' dir='ltr'><strong>arcenda</strong></span> <span class='ocrx_word' id='word_1_206' title='bbox 1104 2690 1113 2741; x_wconf 91' lang='lat'>;</span> <span class='ocrx_word' id='word_1_207' title='bbox 1145 2664 1191 2729; x_wconf 90' lang='lat' dir='ltr'><strong>sic</strong></span> <span class='ocrx_word' id='word_1_208' title='bbox 1212 2664 1264 2750; x_wconf 89' lang='lat' dir='ltr'><strong>pi·</strong></span> 
     </span>
     <span class='ocr_line' id='line_1_25' title="bbox 138 2763 1263 2850; baseline 0.001 -21"><span class='ocrx_word' id='word_1_209' title='bbox 138 2786 248 2829; x_wconf 87' lang='lat' dir='ltr'><strong>rorum</strong></span> <span class='ocrx_word' id='word_1_210' title='bbox 269 2765 492 2850; x_wconf 86' lang='lat' dir='ltr'><strong>malorumque</strong></span> <span class='ocrx_word' id='word_1_211' title='bbox 513 2765 635 2830; x_wconf 86' lang='lat' dir='ltr'><strong>semina</strong></span> <span class='ocrx_word' id='word_1_212' title='bbox 655 2764 781 2842; x_wconf 90' lang='lat' dir='ltr'><strong>nutriri,</strong></span> <span class='ocrx_word' id='word_1_213' title='bbox 804 2763 851 2829; x_wconf 90' lang='lat' dir='ltr'><strong>sic</strong></span> <span class='ocrx_word' id='word_1_214' title='bbox 872 2765 984 2850; x_wconf 88' lang='lat' dir='ltr'><strong>pineas</strong></span> <span class='ocrx_word' id='word_1_215' title='bbox 1005 2786 1115 2843; x_wconf 88' lang='lat' dir='ltr'><strong>nuces,</strong></span> <span class='ocrx_word' id='word_1_216' title='bbox 1140 2764 1185 2830; x_wconf 88' lang='lat' dir='ltr'><strong>sic</strong></span> <span class='ocrx_word' id='word_1_217' title='bbox 1207 2787 1263 2830; x_wconf 89' lang='lat' dir='ltr'><strong>cu·</strong></span> 
     </span>
     <span class='ocr_line' id='line_1_26' title="bbox 137 2863 1263 2954; baseline -0.001 -22"><span class='ocrx_word' id='word_1_218' title='bbox 137 2888 269 2952; x_wconf 85' lang='lat' dir='ltr'><strong>pressos</strong></span> <span class='ocrx_word' id='word_1_219' title='bbox 297 2865 418 2931; x_wconf 91' lang='lat' dir='ltr'><strong>semine</strong></span> <span class='ocrx_word' id='word_1_220' title='bbox 445 2876 531 2931; x_wconf 86' lang='lat' dir='ltr'><strong>satas</strong></span> <span class='ocrx_word' id='word_1_221' title='bbox 558 2877 591 2932; x_wconf 93' lang='lat' dir='ltr'><strong>et</strong></span> <span class='ocrx_word' id='word_1_222' title='bbox 617 2867 716 2950; x_wconf 90' lang='lat' dir='ltr'><strong>ipsas.</strong></span> <span class='ocrx_word' id='word_1_223' title='bbox 752 2863 909 2931; x_wconf 90' lang='lat' dir='ltr'><strong>Minumis</strong></span> <span class='ocrx_word' id='word_1_224' title='bbox 934 2865 969 2928; x_wconf 92' lang='lat' dir='ltr'><strong>id</strong></span> <span class='ocrx_word' id='word_1_225' title='bbox 995 2866 1106 2954; x_wconf 83' lang='lat' dir='ltr'><strong>granis</strong></span> <span class='ocrx_word' id='word_1_226' title='bbox 1127 2868 1263 2944; x_wconf 86' lang='lat' dir='ltr'><strong>constat,</strong></span> 
     </span>
     <span class='ocr_line' id='line_1_27' title="bbox 139 2966 1263 3054; baseline 0.001 -22"><span class='ocrx_word' id='word_1_227' title='bbox 139 2979 176 3032; x_wconf 90' lang='lat' dir='ltr'><strong>ut</strong></span> <span class='ocrx_word' id='word_1_228' title='bbox 196 2966 253 3032; x_wconf 83' lang='lat' dir='ltr'><strong>vix</strong></span> <span class='ocrx_word' id='word_1_229' title='bbox 273 2966 414 3053; x_wconf 88' lang='lat' dir='ltr'><strong>perspici</strong></span> <span class='ocrx_word' id='word_1_230' title='bbox 436 2967 596 3053; x_wconf 88' lang='lat' dir='ltr'><strong>quaedam</strong></span> <span class='ocrx_word' id='word_1_231' title='bbox 617 2968 753 3054; x_wconf 80' lang='lat' dir='ltr'><strong>possint,</strong></span> <span class='ocrx_word' id='word_1_232' title='bbox 775 2990 840 3033; x_wconf 94' lang='lat' dir='ltr'><strong>non</strong></span> <span class='ocrx_word' id='word_1_233' title='bbox 862 2967 1038 3034; x_wconf 86' lang='lat' dir='ltr'><strong>omittendo</strong></span> <span class='ocrx_word' id='word_1_234' title='bbox 1053 2979 1187 3035; x_wconf 86' lang='lat' dir='ltr'><strong>naturae</strong></span> <span class='ocrx_word' id='word_1_235' title='bbox 1201 2969 1263 3033; x_wconf 92' lang='lat' dir='ltr'><strong>mi·</strong></span> 
     </span>
     <span class='ocr_line' id='line_1_28' title="bbox 139 3069 1265 3158; baseline 0.002 -25"><span class='ocrx_word' id='word_1_236' title='bbox 139 3070 249 3135; x_wconf 89' lang='lat' dir='ltr'><strong>raculo</strong></span> <span class='ocrx_word' id='word_1_237' title='bbox 277 3090 296 3135; x_wconf 91' lang='lat' dir='ltr'><strong>e</strong></span> <span class='ocrx_word' id='word_1_238' title='bbox 322 3079 387 3133; x_wconf 88' lang='lat' dir='ltr'><strong>tam</strong></span> <span class='ocrx_word' id='word_1_239' title='bbox 412 3091 512 3156; x_wconf 84' lang='lat' dir='ltr'><strong>parvo</strong></span> <span class='ocrx_word' id='word_1_240' title='bbox 538 3069 630 3158; x_wconf 86' lang='lat' dir='ltr'><strong>gigni</strong></span> <span class='ocrx_word' id='word_1_241' title='bbox 659 3069 807 3148; x_wconf 90' lang='lat' dir='ltr'><strong>arbores,</strong></span> <span class='ocrx_word' id='word_1_242' title='bbox 842 3080 931 3135; x_wconf 89' lang='lat' dir='ltr'><strong>tanto</strong></span> <span class='ocrx_word' id='word_1_243' title='bbox 959 3071 1080 3136; x_wconf 87' lang='lat' dir='ltr'><strong>maiore</strong></span> <span class='ocrx_word' id='word_1_244' title='bbox 1107 3070 1205 3138; x_wconf 87' lang='lat' dir='ltr'><strong>tritici</strong></span> <span class='ocrx_word' id='word_1_245' title='bbox 1232 3082 1265 3138; x_wconf 91' lang='lat' dir='ltr'><strong>et</strong></span> 
     </span>
    </p>
   </div>
   <div class='ocr_carea' id='block_1_3' title="bbox 135 3309 1264 3966">
    <p class='ocr_par' dir='ltr' id='par_1_4' title="bbox 138 3309 1262 3441">
     <span class='ocr_line' id='line_1_29' title="bbox 138 3309 1262 3441; baseline 0.007 -85"><span class='ocrx_word' id='word_1_246' title='bbox 138 3310 258 3441; x_wconf 45' lang='lat'><strong>2¹33?</strong></span> <span class='ocrx_word' id='word_1_247' title='bbox 272 3313 312 3360; x_wconf 89' lang='grc'><strong>71.</strong></span> <span class='ocrx_word' id='word_1_248' title='bbox 324 3318 351 3360; x_wconf 86' lang='lat' dir='ltr'><strong>ct</strong></span> <span class='ocrx_word' id='word_1_249' title='bbox 362 3313 411 3371; x_wconf 85' lang='grc'><strong>87,</strong></span> <span class='ocrx_word' id='word_1_250' title='bbox 424 3309 570 3361; x_wconf 84' lang='lat' dir='ltr'><strong>Schneider.</strong></span> <span class='ocrx_word' id='word_1_251' title='bbox 582 3315 615 3363; x_wconf 87' lang='lat' dir='ltr'><strong>ad</strong></span> <span class='ocrx_word' id='word_1_252' title='bbox 627 3310 764 3362; x_wconf 81' lang='lat' dir='ltr'><strong>Columell.</strong></span> <span class='ocrx_word' id='word_1_253' title='bbox 776 3311 826 3361; x_wconf 85' lang='lat' dir='ltr'><strong>HL</strong></span> <span class='ocrx_word' id='word_1_254' title='bbox 841 3314 880 3374; x_wconf 90' lang='grc'><strong>17,</strong></span> <span class='ocrx_word' id='word_1_255' title='bbox 893 3317 917 3362; x_wconf 79' lang='lat'><strong>2.</strong></span> <span class='ocrx_word' id='word_1_256' title='bbox 942 3352 973 3361; x_wconf 80' lang='grc'><strong>-</strong></span> <span class='ocrx_word' id='word_1_257' title='bbox 1003 3310 1123 3376; x_wconf 76' lang='lat' dir='ltr'><strong>mespilae,</strong></span> <span class='ocrx_word' id='word_1_258' title='bbox 1139 3315 1185 3363; x_wconf 83' lang='lat' dir='ltr'><strong>ad</strong></span> <span class='ocrx_word' id='word_1_259' title='bbox 1216 3328 1262 3363; x_wconf 79' lang='lat' dir='ltr'><strong>me·</strong></span> 
     </span>
    </p>

    <p class='ocr_par' dir='ltr' id='par_1_5' title="bbox 141 3391 1262 3595">
     <span class='ocr_line' id='line_1_30' title="bbox 173 3391 1262 3526; baseline 0.004 -14"><span class='ocrx_word' id='word_1_260' title='bbox 173 3391 380 3524; x_wconf 40' lang='lat' dir='ltr'><strong>assiccata,</strong></span> <span class='ocrx_word' id='word_1_261' title='bbox 391 3463 438 3512; x_wconf 87' lang='lat' dir='ltr'><strong>ad.</strong></span> <span class='ocrx_word' id='word_1_262' title='bbox 456 3453 580 3525; x_wconf 51' lang='lat' dir='ltr'><strong>alamans,</strong></span> <span class='ocrx_word' id='word_1_263' title='bbox 591 3459 620 3525; x_wconf 79' lang='grc' dir='ltr'><strong>β.</strong></span> <span class='ocrx_word' id='word_1_264' title='bbox 641 3505 672 3512; x_wconf 82' lang='grc'>-</span> <span class='ocrx_word' id='word_1_265' title='bbox 690 3462 771 3524; x_wconf 73' lang='lat' dir='ltr'><strong>salim,</strong></span> <span class='ocrx_word' id='word_1_266' title='bbox 783 3465 816 3514; x_wconf 90' lang='grc' dir='ltr'><strong>Κ.</strong></span> <span class='ocrx_word' id='word_1_267' title='bbox 835 3504 867 3513; x_wconf 79' lang='grc'>-</span> <span class='ocrx_word' id='word_1_268' title='bbox 885 3479 973 3526; x_wconf 80' lang='lat' dir='ltr'><strong>aquae,</strong></span> <span class='ocrx_word' id='word_1_269' title='bbox 985 3479 1008 3513; x_wconf 87' lang='lat' dir='ltr'><strong>a.</strong></span> <span class='ocrx_word' id='word_1_270' title='bbox 1022 3505 1053 3514; x_wconf 84' lang='lat'><strong>..</strong></span> <span class='ocrx_word' id='word_1_271' title='bbox 1065 3463 1153 3513; x_wconf 76' lang='lat' dir='ltr'><strong>seritur</strong></span> <span class='ocrx_word' id='word_1_272' title='bbox 1164 3466 1230 3526; x_wconf 70' lang='lat' dir='ltr'><strong>tiam,</strong></span> <span class='ocrx_word' id='word_1_273' title='bbox 1242 3482 1262 3516; x_wconf 93' lang='grc'><strong>1.</strong></span> 
     </span>
     <span class='ocr_line' id='line_1_31' title="bbox 141 3526 1003 3595; baseline 0.005 -18"><span class='ocrx_word' id='word_1_274' title='bbox 141 3569 172 3578; x_wconf 84' lang='grc'>-</span> <span class='ocrx_word' id='word_1_275' title='bbox 191 3527 244 3590; x_wconf 73' lang='lat' dir='ltr'><strong>tas,</strong></span> <span class='ocrx_word' id='word_1_276' title='bbox 256 3547 276 3579; x_wconf 91' lang='lat' dir='ltr'><strong>r.</strong></span> <span class='ocrx_word' id='word_1_277' title='bbox 296 3527 361 3590; x_wconf 77' lang='lat' dir='ltr'><strong>loeo,</strong></span> <span class='ocrx_word' id='word_1_278' title='bbox 373 3547 396 3580; x_wconf 92' lang='lat' dir='ltr'><strong>a.</strong></span> <span class='ocrx_word' id='word_1_279' title='bbox 414 3546 464 3592; x_wconf 88' lang='lat' dir='ltr'><strong>eoe,</strong></span> <span class='ocrx_word' id='word_1_280' title='bbox 478 3526 549 3595; x_wconf 70' lang='lat' dir='ltr'><strong>dssy.</strong></span> <span class='ocrx_word' id='word_1_281' title='bbox 568 3572 599 3580; x_wconf 86' lang='grc'><strong>-</strong></span> <span class='ocrx_word' id='word_1_282' title='bbox 619 3529 685 3593; x_wconf 70' lang='lat' dir='ltr'><strong>aaa,</strong></span> <span class='ocrx_word' id='word_1_283' title='bbox 699 3532 723 3580; x_wconf 92' lang='lat' dir='ltr'><strong>d.</strong></span> <span class='ocrx_word' id='word_1_284' title='bbox 744 3571 775 3581; x_wconf 88' lang='lat'>-</span> <span class='ocrx_word' id='word_1_285' title='bbox 793 3547 944 3594; x_wconf 77' lang='lat' dir='ltr'><strong>quamquam,</strong></span> <span class='ocrx_word' id='word_1_286' title='bbox 957 3534 1003 3581; x_wconf 88' lang='lat' dir='ltr'><strong>ad.</strong></span> 
     </span>
    </p>

    <p class='ocr_par' dir='ltr' id='par_1_6' title="bbox 139 3611 1261 3812">
     <span class='ocr_line' id='line_1_32' title="bbox 173 3611 1261 3681; baseline 0.001 -16"><span class='ocrx_word' id='word_1_287' title='bbox 173 3616 243 3678; x_wconf 66' lang='lat'><strong>§⁶9-</strong></span> <span class='ocrx_word' id='word_1_288' title='bbox 268 3611 343 3663; x_wconf 81' lang='lat' dir='ltr'><strong>adid</strong></span> <span class='ocrx_word' id='word_1_289' title='bbox 348 3615 512 3679; x_wconf 61' lang='lat' dir='ltr'><strong>promptam,</strong></span> <span class='ocrx_word' id='word_1_290' title='bbox 524 3617 598 3668; x_wconf 83' lang='lat' dir='ltr'><strong>Tad.</strong></span> <span class='ocrx_word' id='word_1_291' title='bbox 622 3614 816 3679; x_wconf 79' lang='lat' dir='ltr'><strong>adprincr&#39;piam,</strong></span> <span class='ocrx_word' id='word_1_292' title='bbox 833 3617 906 3666; x_wconf 87' lang='lat' dir='ltr'><strong>codd.</strong></span> <span class='ocrx_word' id='word_1_293' title='bbox 919 3616 975 3668; x_wconf 84' lang='lat' dir='ltr'><strong>Gel.</strong></span> <span class='ocrx_word' id='word_1_294' title='bbox 999 3616 1060 3666; x_wconf 83' lang='lat' dir='ltr'><strong>etid</strong></span> <span class='ocrx_word' id='word_1_295' title='bbox 1066 3617 1231 3681; x_wconf 77' lang='lat' dir='ltr'><strong>praecipuam,</strong></span> <span class='ocrx_word' id='word_1_296' title='bbox 1242 3632 1261 3666; x_wconf 88' lang='grc'><strong>1.</strong></span> 
     </span>
     <span class='ocr_line' id='line_1_33' title="bbox 140 3680 1261 3750; baseline 0.004 -21"><span class='ocrx_word' id='word_1_297' title='bbox 140 3680 394 3745; x_wconf 75' lang='lat' dir='ltr'><strong>ettirprincipio,K</strong></span> <span class='ocrx_word' id='word_1_298' title='bbox 413 3725 444 3732; x_wconf 83' lang='lat'>-</span> <span class='ocrx_word' id='word_1_299' title='bbox 468 3681 551 3743; x_wconf 70' lang='grc'><strong>10111111,</strong></span> <span class='ocrx_word' id='word_1_300' title='bbox 564 3699 615 3734; x_wconf 92' lang='lat' dir='ltr'><strong>om.</strong></span> <span class='ocrx_word' id='word_1_301' title='bbox 627 3700 647 3733; x_wconf 92' lang='lat' dir='ltr'><strong>r.</strong></span> <span class='ocrx_word' id='word_1_302' title='bbox 670 3725 702 3733; x_wconf 90' lang='grc'><strong>..</strong></span> <span class='ocrx_word' id='word_1_303' title='bbox 725 3699 803 3747; x_wconf 79' lang='lat' dir='ltr'><strong>saepe,</strong></span> <span class='ocrx_word' id='word_1_304' title='bbox 816 3700 839 3734; x_wconf 88' lang='lat' dir='ltr'><strong>a.</strong></span> <span class='ocrx_word' id='word_1_305' title='bbox 865 3683 1045 3746; x_wconf 58' lang='lat' dir='ltr'><strong>caepimus</strong></span> <span class='ocrx_word' id='word_1_306' title='bbox 1071 3684 1157 3750; x_wconf 81' lang='lat' dir='ltr'><strong>saepit,</strong></span> <span class='ocrx_word' id='word_1_307' title='bbox 1170 3687 1207 3736; x_wconf 84' lang='lat' dir='ltr'><strong>d&#39;.</strong></span> <span class='ocrx_word' id='word_1_308' title='bbox 1231 3725 1261 3733; x_wconf 86' lang='grc'>-</span> 
     </span>
     <span class='ocr_line' id='line_1_34' title="bbox 139 3747 954 3812; baseline 0.006 -15"><span class='ocrx_word' id='word_1_309' title='bbox 139 3747 330 3812; x_wconf 74' lang='lat' dir='ltr'><strong>transferendum</strong></span> <span class='ocrx_word' id='word_1_310' title='bbox 342 3749 427 3811; x_wconf 73' lang='grc' dir='ltr'><strong>111,Κ.</strong></span> <span class='ocrx_word' id='word_1_311' title='bbox 445 3791 476 3800; x_wconf 88' lang='lat'><strong>..</strong></span> <span class='ocrx_word' id='word_1_312' title='bbox 495 3749 530 3799; x_wconf 85' lang='lat' dir='ltr'><strong>ad</strong></span> <span class='ocrx_word' id='word_1_313' title='bbox 539 3751 666 3812; x_wconf 80' lang='lat' dir='ltr'><strong>incursum,</strong></span> <span class='ocrx_word' id='word_1_314' title='bbox 678 3768 701 3802; x_wconf 89' lang='lat' dir='ltr'><strong>a.</strong></span> <span class='ocrx_word' id='word_1_315' title='bbox 719 3750 887 3812; x_wconf 65' lang='lat' dir='ltr'><strong>alienarum,</strong></span> <span class='ocrx_word' id='word_1_316' title='bbox 900 3752 954 3803; x_wconf 74' lang='grc' dir='ltr'><strong>Τὰ.</strong></span> 
     </span>
    </p>

    <p class='ocr_par' dir='ltr' id='par_1_7' title="bbox 135 3827 1264 3966">
     <span class='ocr_line' id='line_1_35' title="bbox 172 3827 1264 3900; baseline -0.002 -15"><span class='ocrx_word' id='word_1_317' title='bbox 172 3837 188 3898; x_wconf 63' lang='grc' dir='ltr'><strong>ξ</strong></span> <span class='ocrx_word' id='word_1_318' title='bbox 202 3838 241 3885; x_wconf 89' lang='grc'><strong>70.</strong></span> <span class='ocrx_word' id='word_1_319' title='bbox 265 3850 321 3883; x_wconf 80' lang='lat' dir='ltr'><strong>nom</strong></span> <span class='ocrx_word' id='word_1_320' title='bbox 336 3835 366 3896; x_wconf 81' lang='lat' dir='ltr'><strong>ri,</strong></span> <span class='ocrx_word' id='word_1_321' title='bbox 381 3827 480 3886; x_wconf 71' lang='lat' dir='ltr'><strong>(tras.</strong></span> <span class='ocrx_word' id='word_1_322' title='bbox 503 3852 533 3884; x_wconf 82' lang='lat' dir='ltr'><strong>ne</strong></span> <span class='ocrx_word' id='word_1_323' title='bbox 548 3853 581 3898; x_wconf 81' lang='lat' dir='ltr'><strong>ae,</strong></span> <span class='ocrx_word' id='word_1_324' title='bbox 593 3832 622 3898; x_wconf 79' lang='grc' dir='ltr'><strong>β.</strong></span> <span class='ocrx_word' id='word_1_325' title='bbox 641 3879 672 3886; x_wconf 82' lang='grc'>-</span> <span class='ocrx_word' id='word_1_326' title='bbox 692 3834 830 3900; x_wconf 75' lang='lat' dir='ltr'><strong>continqant</strong></span> <span class='ocrx_word' id='word_1_327' title='bbox 844 3844 867 3884; x_wconf 88' lang='lat' dir='ltr'><strong>et</strong></span> <span class='ocrx_word' id='word_1_328' title='bbox 882 3845 987 3898; x_wconf 72' lang='lat' dir='ltr'><strong>noceam,</strong></span> <span class='ocrx_word' id='word_1_329' title='bbox 999 3838 1032 3887; x_wconf 89' lang='lat' dir='ltr'><strong>K.</strong></span> <span class='ocrx_word' id='word_1_330' title='bbox 1052 3877 1083 3886; x_wconf 90' lang='lat'><strong>..</strong></span> <span class='ocrx_word' id='word_1_331' title='bbox 1101 3842 1200 3899; x_wconf 81' lang='lat' dir='ltr'><strong>praeter</strong></span> <span class='ocrx_word' id='word_1_332' title='bbox 1212 3832 1264 3884; x_wconf 80' lang='lat' dir='ltr'><strong>alio</strong></span> 
     </span>
     <span class='ocr_line' id='line_1_36' title="bbox 135 3899 1261 3966; baseline 0.002 -15"><span class='ocrx_word' id='word_1_333' title='bbox 135 3899 205 3963; x_wconf 65' lang='lat' dir='ltr'><strong>vitia</strong></span> <span class='ocrx_word' id='word_1_334' title='bbox 222 3903 276 3952; x_wconf 84' lang='lat' dir='ltr'><strong>Td.</strong></span> <span class='ocrx_word' id='word_1_335' title='bbox 296 3911 423 3966; x_wconf 76' lang='lat' dir='ltr'><strong>praetem</strong></span> <span class='ocrx_word' id='word_1_336' title='bbox 438 3901 542 3964; x_wconf 74' lang='lat' dir='ltr'><strong>elicitis,</strong></span> <span class='ocrx_word' id='word_1_337' title='bbox 559 3920 582 3955; x_wconf 71' lang='lat' dir='ltr'><strong>a</strong></span> <span class='ocrx_word' id='word_1_338' title='bbox 605 3945 637 3954; x_wconf 85' lang='lat'><strong>...</strong></span> <span class='ocrx_word' id='word_1_339' title='bbox 660 3903 799 3965; x_wconf 71' lang='lat' dir='ltr'><strong>caminata,</strong></span> <span class='ocrx_word' id='word_1_340' title='bbox 815 3920 838 3954; x_wconf 86' lang='lat' dir='ltr'><strong>a.</strong></span> <span class='ocrx_word' id='word_1_341' title='bbox 861 3904 984 3966; x_wconf 83' lang='lat' dir='ltr'><strong>vermiosa,</strong></span> <span class='ocrx_word' id='word_1_342' title='bbox 1001 3908 1025 3956; x_wconf 91' lang='lat' dir='ltr'><strong>d.</strong></span> <span class='ocrx_word' id='word_1_343' title='bbox 1048 3919 1161 3963; x_wconf 65' lang='lat' dir='ltr'><strong>ammosa,</strong></span> <span class='ocrx_word' id='word_1_344' title='bbox 1178 3903 1210 3952; x_wconf 85' lang='lat' dir='ltr'><strong>T.</strong></span> <span class='ocrx_word' id='word_1_345' title='bbox 1230 3943 1261 3953; x_wconf 88' lang='lat'><strong>..</strong></span> 
     </span>
    </p>
   </div>
   <div class='ocr_carea' id='block_1_4' title="bbox 138 3967 1262 4104">
    <p class='ocr_par' dir='ltr' id='par_1_8' title="bbox 138 3967 1262 4104">
     <span class='ocr_line' id='line_1_37' title="bbox 138 3967 1262 4039; baseline 0.004 -21"><span class='ocrx_word' id='word_1_346' title='bbox 138 3967 200 4031; x_wconf 79' lang='lat' dir='ltr'><strong>ideo,</strong></span> <span class='ocrx_word' id='word_1_347' title='bbox 212 3986 235 4019; x_wconf 85' lang='lat' dir='ltr'><strong>a.</strong></span> <span class='ocrx_word' id='word_1_348' title='bbox 254 3971 344 4022; x_wconf 81' lang='lat' dir='ltr'><strong>Omitt.</strong></span> <span class='ocrx_word' id='word_1_349' title='bbox 355 3972 409 4021; x_wconf 87' lang='lat' dir='ltr'><strong>Td.</strong></span> <span class='ocrx_word' id='word_1_350' title='bbox 423 4013 454 4020; x_wconf 92' lang='lat'><strong>..</strong></span> <span class='ocrx_word' id='word_1_351' title='bbox 472 3971 555 4032; x_wconf 65' lang='lat' dir='ltr'><strong>sarai,</strong></span> <span class='ocrx_word' id='word_1_352' title='bbox 566 3972 618 4022; x_wconf 83' lang='lat' dir='ltr'><strong>Ta.</strong></span> <span class='ocrx_word' id='word_1_353' title='bbox 640 3971 672 4022; x_wconf 94' lang='lat' dir='ltr'><strong>In</strong></span> <span class='ocrx_word' id='word_1_354' title='bbox 688 3974 745 4022; x_wconf 87' lang='lat' dir='ltr'><strong>eod.</strong></span> <span class='ocrx_word' id='word_1_355' title='bbox 761 3980 849 4038; x_wconf 86' lang='lat' dir='ltr'><strong>apost</strong></span> <span class='ocrx_word' id='word_1_356' title='bbox 862 3973 888 4022; x_wconf 92' lang='lat' dir='ltr'><strong>h.</strong></span> <span class='ocrx_word' id='word_1_357' title='bbox 901 3989 925 4024; x_wconf 86' lang='lat' dir='ltr'><strong>v.</strong></span> <span class='ocrx_word' id='word_1_358' title='bbox 944 3974 1054 4039; x_wconf 90' lang='lat' dir='ltr'><strong>spatium</strong></span> <span class='ocrx_word' id='word_1_359' title='bbox 1071 3973 1178 4020; x_wconf 88' lang='lat' dir='ltr'><strong>duarum</strong></span> <span class='ocrx_word' id='word_1_360' title='bbox 1195 3971 1262 4022; x_wconf 88' lang='lat' dir='ltr'><strong>litte·</strong></span> 
     </span>
     <span class='ocr_line' id='line_1_38' title="bbox 138 4039 872 4104; baseline 0.007 -18"><span class='ocrx_word' id='word_1_361' title='bbox 138 4053 231 4087; x_wconf 85' lang='lat' dir='ltr'><strong>rarum.</strong></span> <span class='ocrx_word' id='word_1_362' title='bbox 250 4078 282 4087; x_wconf 73' lang='lat'>-</span> <span class='ocrx_word' id='word_1_363' title='bbox 302 4047 439 4102; x_wconf 75' lang='lat' dir='ltr'><strong>supputare,</strong></span> <span class='ocrx_word' id='word_1_364' title='bbox 457 4042 480 4089; x_wconf 88' lang='lat' dir='ltr'><strong>d.</strong></span> <span class='ocrx_word' id='word_1_365' title='bbox 501 4040 672 4103; x_wconf 63' lang='lat' dir='ltr'><strong>stipatores.</strong></span> <span class='ocrx_word' id='word_1_366' title='bbox 692 4039 825 4104; x_wconf 76' lang='lat' dir='ltr'><strong>supputari,</strong></span> <span class='ocrx_word' id='word_1_367' title='bbox 839 4042 872 4091; x_wconf 79' lang='lat' dir='ltr'><strong>K</strong></span> 
     </span>
    </p>
   </div>
   <div class='ocr_carea' id='block_1_5' title="bbox 138 4121 1262 4327">
    <p class='ocr_par' dir='ltr' id='par_1_9' title="bbox 138 4121 1262 4327">
     <span class='ocr_line' id='line_1_39' title="bbox 172 4121 1262 4189; baseline 0.002 -15"><span class='ocrx_word' id='word_1_368' title='bbox 172 4123 188 4186; x_wconf 63' lang='grc' dir='ltr'><strong>ς</strong></span> <span class='ocrx_word' id='word_1_369' title='bbox 201 4126 241 4174; x_wconf 88' lang='grc'><strong>71.</strong></span> <span class='ocrx_word' id='word_1_370' title='bbox 262 4121 322 4172; x_wconf 78' lang='lat' dir='ltr'><strong>Octo</strong></span> <span class='ocrx_word' id='word_1_371' title='bbox 333 4125 365 4173; x_wconf 87' lang='lat' dir='ltr'><strong>de</strong></span> <span class='ocrx_word' id='word_1_372' title='bbox 375 4139 403 4174; x_wconf 86' lang='lat' dir='ltr'><strong>rs</strong></span> <span class='ocrx_word' id='word_1_373' title='bbox 413 4131 476 4175; x_wconf 78' lang='lat' dir='ltr'><strong>rust.</strong></span> <span class='ocrx_word' id='word_1_374' title='bbox 488 4131 530 4175; x_wconf 79' lang='lat' dir='ltr'><strong>ts.</strong></span> <span class='ocrx_word' id='word_1_375' title='bbox 544 4165 574 4174; x_wconf 91' lang='grc'><strong>..</strong></span> <span class='ocrx_word' id='word_1_376' title='bbox 594 4123 704 4174; x_wconf 73' lang='lat' dir='ltr'><strong>Minimo</strong></span> <span class='ocrx_word' id='word_1_377' title='bbox 715 4127 769 4186; x_wconf 85' lang='lat' dir='ltr'><strong>rel,</strong></span> <span class='ocrx_word' id='word_1_378' title='bbox 781 4141 805 4175; x_wconf 87' lang='lat' dir='ltr'><strong>v.</strong></span> <span class='ocrx_word' id='word_1_379' title='bbox 817 4127 948 4189; x_wconf 84' lang='lat' dir='ltr'><strong>Theophr.</strong></span> <span class='ocrx_word' id='word_1_380' title='bbox 961 4125 993 4173; x_wconf 88' lang='lat' dir='ltr'><strong>de</strong></span> <span class='ocrx_word' id='word_1_381' title='bbox 1001 4137 1070 4172; x_wconf 86' lang='lat' dir='ltr'><strong>caus.</strong></span> <span class='ocrx_word' id='word_1_382' title='bbox 1082 4123 1161 4185; x_wconf 79' lang='lat' dir='ltr'><strong>plant.</strong></span> <span class='ocrx_word' id='word_1_383' title='bbox 1173 4124 1194 4174; x_wconf 81' lang='lat' dir='ltr'><strong>l.</strong></span> <span class='ocrx_word' id='word_1_384' title='bbox 1206 4128 1229 4184; x_wconf 75' lang='lat'><strong>5,</strong></span> <span class='ocrx_word' id='word_1_385' title='bbox 1238 4131 1262 4176; x_wconf 82' lang='lat' dir='ltr'><strong>t.</strong></span> 
     </span>
     <span class='ocr_line' id='line_1_40' title="bbox 138 4188 1262 4256; baseline 0.004 -18"><span class='ocrx_word' id='word_1_386' title='bbox 138 4230 170 4239; x_wconf 81' lang='grc'>-</span> <span class='ocrx_word' id='word_1_387' title='bbox 195 4189 317 4252; x_wconf 61' lang='lat' dir='ltr'><strong>ataias.</strong></span> <span class='ocrx_word' id='word_1_388' title='bbox 343 4191 384 4240; x_wconf 80' lang='lat' dir='ltr'><strong>nin</strong></span> <span class='ocrx_word' id='word_1_389' title='bbox 399 4199 433 4250; x_wconf 78' lang='lat' dir='ltr'><strong>at,</strong></span> <span class='ocrx_word' id='word_1_390' title='bbox 449 4192 503 4243; x_wconf 88' lang='lat' dir='ltr'><strong>Td.</strong></span> <span class='ocrx_word' id='word_1_391' title='bbox 528 4232 559 4242; x_wconf 89' lang='grc'><strong>..</strong></span> <span class='ocrx_word' id='word_1_392' title='bbox 586 4191 692 4256; x_wconf 78' lang='lat' dir='ltr'><strong>quidam,</strong></span> <span class='ocrx_word' id='word_1_393' title='bbox 708 4210 728 4242; x_wconf 88' lang='lat' dir='ltr'><strong>r.</strong></span> <span class='ocrx_word' id='word_1_394' title='bbox 754 4233 781 4242; x_wconf 89' lang='lat'><strong>-</strong></span> <span class='ocrx_word' id='word_1_395' title='bbox 811 4188 1099 4253; x_wconf 69' lang='lat' dir='ltr'><strong>omittendo-miraculo,</strong></span> <span class='ocrx_word' id='word_1_396' title='bbox 1117 4193 1190 4244; x_wconf 88' lang='lat' dir='ltr'><strong>codd.</strong></span> <span class='ocrx_word' id='word_1_397' title='bbox 1202 4191 1262 4244; x_wconf 75' lang='lat' dir='ltr'><strong>(tel.</strong></span> 
     </span>
     <span class='ocr_line' id='line_1_41' title="bbox 138 4256 812 4327; baseline 0.003 -20"><span class='ocrx_word' id='word_1_398' title='bbox 138 4256 481 4322; x_wconf 52' lang='lat' dir='ltr'><strong>euitandam-mirandum,</strong></span> <span class='ocrx_word' id='word_1_399' title='bbox 496 4260 588 4311; x_wconf 78' lang='lat' dir='ltr'><strong>Tadr.</strong></span> <span class='ocrx_word' id='word_1_400' title='bbox 608 4299 639 4311; x_wconf 86' lang='grc'><strong>..</strong></span> <span class='ocrx_word' id='word_1_401' title='bbox 657 4259 812 4327; x_wconf 63' lang='lat' dir='ltr'><strong>atinmdr.</strong></span> 
     </span>
    </p>
   </div>
   <div class='ocr_carea' id='block_1_6' title="bbox 0 0 1452 4792">
    <p class='ocr_par' dir='ltr' id='par_1_10' title="bbox 0 0 1452 4792">
     <span class='ocr_line' id='line_1_42' title="bbox 0 0 1452 4792; baseline 0 1"><span class='ocrx_word' id='word_1_402' title='bbox 0 0 1452 4792; x_wconf 95' lang='lat' dir='ltr'><strong> </strong></span> 
     </span>
    </p>
   </div>
  </div>
 </body>
</html>
