2896 4792
137 267 200 333 196
339 352 347 367 .
489 284 909 334 111111111111101111

137 457 228 501 scum
249 455 376 518 quoque
397 433 466 499 dari
483 433 671 520 Apollodori
693 437 758 502 duo
780 436 902 516 iubent,
925 436 981 502 sed
1001 436 1124 504 Citieus
1147 461 1259 505 semen

137 557 177 602 ex
200 557 285 619 aqua
306 535 431 612 tritum,
464 533 657 601 Tarentinus
679 559 802 603 sucum.
824 538 961 604 Lienem
979 538 1260 616 dememorant,

135 636 267 703 iocineri
289 628 425 721 prosunt
446 647 478 702 et
497 634 681 702 lumborum
707 637 886 717 doloribus,
915 637 1102 725 hydropicis
1129 660 1260 724 quoque

136 761 177 804 ex
204 747 292 803 aceto
321 747 378 800 aut
406 737 510 822 sinapi
532 738 653 823 sumpti
675 749 708 804 et
728 738 913 825 lethargicis
937 751 968 806 et
990 740 1203 807 comitialibus
1225 751 1260 805 et

135 837 381 904 melancholicis.
412 836 617 924 Praxagoras
637 850 671 904 et
691 839 792 906 iliosis
814 840 939 906 dandos
961 850 1080 918 censet,
1102 841 1258 906 Plistoni·
1273 860 1308 906 ae

136 963 194 1007 cus
221 952 253 1006 et
274 938 431 1005 coeliacis.
464 938 690 1006 Intestinorum
713 941 809 1007 etiam
831 943 939 1007 ulcera
960 953 1075 1007 sanant
1095 964 1133 1008 ac
1154 963 1259 1027 puru-

134 1041 223 1108 lenta
236 1040 508 1126 praecordiorum,
531 1042 559 1106 si
581 1063 655 1108 cum
675 1042 766 1108 melle
782 1042 927 1108 edantur.
951 1040 1092 1125 Quidam
1115 1041 1259 1108 adhaec

137 1163 271 1226 coquere
294 1162 349 1207 eos
369 1142 404 1205 in
425 1142 492 1207 luto
512 1143 649 1219 malunt;
673 1142 719 1209 sic
734 1153 767 1208 et
781 1144 917 1211 feminas
932 1142 1076 1230 purgari.
1098 1142 1152 1208 Ex
1166 1152 1259 1208 aceto

136 1252 192 1308 aut
211 1242 306 1309 melle
328 1243 447 1329 sumpti
469 1242 692 1309 intestinorum
713 1244 864 1310 animalia
885 1244 1072 1323 detrahunt,
1094 1244 1191 1309 iidem
1214 1242 1258 1308 ad

138 1342 249 1409 tertias
274 1344 406 1409 decocto
435 1365 545 1409 eorum
566 1355 643 1430 poto
666 1366 739 1411 cum
761 1346 837 1412 vino
864 1345 1083 1412 enterocelicis
1105 1355 1261 1431 prosuntt

137 1445 327 1534 sanguinem
353 1466 481 1530 quoque
502 1444 647 1512 inutilem
675 1448 722 1512 sic
744 1446 924 1513 extrahunt.
961 1446 1093 1512 Medius
1114 1446 1156 1511 ad
1177 1445 1309 1523 haecat

136 1556 170 1612 et
191 1545 381 1632 sanguinem
409 1545 652 1613 exscreantibus
681 1556 788 1612 coctos
810 1547 880 1612 dari
901 1547 1006 1625 iubet,
1035 1558 1067 1612 et
1088 1547 1260 1633 puerperis

136 1647 178 1713 ad
191 1647 284 1714 lactis
299 1647 425 1733 copiam
440 1648 632 1736 augendam,
649 1646 868 1733 Hippocrates
884 1648 998 1734 capitis
1015 1649 1184 1714 mulierum
1198 1647 1258 1714 de·

135 1747 234 1843 fluvia
254 1748 421 1835 perfricari
449 1748 601 1834 raphanis
629 1758 663 1815 et
685 1770 783 1834 super
804 1748 990 1814 umbilicum
1016 1749 1126 1835 inponi
1147 1758 1261 1815 contra

136 1844 294 1916 tor‘menta
314 1850 437 1915 volvae.
468 1847 641 1915 Reducunt
662 1858 696 1914 et
716 1848 880 1915 cicatrices
901 1849 944 1915 ad
965 1851 1103 1915 colorem
1109 1872 1118 1924 3
1147 1869 1259 1914 semen

135 1971 264 2037 quoque
293 1970 336 2014 ex
364 1970 449 2033 aqua
470 1948 647 2035 inpositum
677 1948 761 2014 sistit
790 1950 900 2015 ulcera
927 1971 1010 2033 quae
1031 1949 1260 2037 phagedaenas

131 2059 263 2119 100111.
284 2048 490 2115 Democritus
506 2071 655 2115 venerem
676 2049 737 2115 hoc
759 2048 831 2115 cibo
855 2049 1010 2115 stimulari
1031 2060 1139 2136 putat3
1161 2047 1310 2115 abidae

138 2150 286 2217 fortassis
308 2149 379 2217 voci
400 2171 515 2216 nocere
538 2150 638 2234 aliqui
660 2151 869 2217 tradiderunt.
892 2151 986 2216 Folia
1002 2172 1086 2236 quae
1100 2150 1258 2216 inoblon·

137 2359 222 2409 faeere
238 2357 282 2408 vix
298 2371 433 2422 arguemur
449 2359 631 2411 contendentes
647 2374 678 2410 ea
696 2373 762 2422 quae
773 2359 900 2410 Nicander
917 2361 947 2409 de
959 2353 1069 2425 κράμβη
1087 2358 1194 2416 dixerat,
1213 2356 1259 2405 ubi

134 2421 264 2491 ῥάφανος
274 2427 350 2475 etiam
362 2427 445 2476 dicere
457 2436 564 2491 poterat,
575 2428 688 2477 Plinium
699 2429 742 2476 111
753 2428 889 2476 memoriae
900 2427 974 2490 lapsu
986 2427 1026 2475 vel
1038 2426 1114 2489 culpa
1124 2423 1259 2486 negligen-

138 2494 188 2542 tiae
203 2495 236 2543 ad
252 2491 617 2559 1111111111111ῥαφ11ίδα
628 2494 752 2545 retulisse.
776 2494 878 2545 Sciebat
886 2489 1011 2557 ῥάφανον
1023 2501 1049 2544 et
1059 2487 1185 2557 κράμβην
1199 2504 1260 2540 ean·

138 2563 196 2610 dem
212 2573 267 2610 esse
283 2561 412 2624 plantam,
432 2568 458 2610 et
479 2577 537 2611 cum
554 2564 633 2612 semel
649 2564 681 2611 de
696 2561 804 2626 raphani
821 2556 999 2625 (ῥαφανίδος)
1014 2561 1039 2609 11
1057 2561 1154 2609 medica
1170 2565 1261 2608 contra

137 2643 234 2678 venena
250 2629 413 2689 disseruisset,
428 2629 497 2678 malo
513 2644 610 2679 memor
626 2635 680 2679 erat
693 2623 820 2693 κράμβην
838 2623 1261 2692 (ράφανον)1Ν1011(110001111

137 2696 285 2758 sanguinem
298 2697 425 2746 taurinum
438 2697 625 2757 commendari,
641 2696 713 2746 cuius
725 2697 836 2746 remedia
847 2695 968 2744 afferendi
984 2695 1082 2743 nullam
1097 2692 1260 2743 occasionem

137 2763 312 2827 praetermittit
324 2760 378 2825 (22,
391 2769 431 2814 tio.
450 2769 491 2824 23,
505 2768 561 2813 128.
580 2769 621 2825 al,
636 2769 691 2814 120.
704 2771 730 2813 et
741 2762 901 2827 potissimum
914 2769 954 2823 20,
964 2767 1014 2822 94,
1027 2762 1069 2811 ubi
1082 2760 1195 2811 fontibus
1206 2760 1260 2809 stris

136 2831 277 2880 accuratius
288 2828 388 2892 utitur).
404 2831 534 2893 Singulari
544 2845 604 2880 vero
616 2847 676 2881 casu
687 2831 786 2880 iactum
797 2845 852 2880 esse
863 2831 985 2888 videmus,
997 2837 1033 2886 ut,
1046 2841 1104 2877 eum
1115 2829 1260 2891 raphanum

136 2897 273 2948 salutarem
290 2913 345 2948 ease
362 2905 451 2948 contra
467 2896 559 2960 fungos
575 2908 620 2949 aut
631 2898 814 2962 hyoscyamum
826 2898 927 2957 diceret,
944 2897 1053 2959 primum
1065 2910 1174 2946 errorem
1186 2909 1259 2944 ccm-

136 2965 255 3024 mitteret,
267 2965 328 3026 qnia
338 2963 466 3014 Nicander
476 2979 525 3016 rsa.
539 2970 596 3014 4³0.
609 2969 667 3016 527.
684 2967 715 3016 de
732 2964 844 3015 brassica
855 2959 1006 3029 (ῥαφάνῳ),
1023 2978 1077 3012 101
1094 2963 1126 3013 de
1143 2964 1259 3027 raphano

136 3026 293 3096 (ῥαφανῖδι)
305 3030 460 3092 estimatus,
470 3030 542 3080 alteri
550 3047 610 3082 vero
619 3033 695 3082 errori
704 3046 730 3082 se
739 3034 818 3092 daret,
828 3047 885 3080 curn
895 3025 1257 3096 111111101111111111ράμβη

137 3100 237 3148 dixerat
247 3100 280 3147 ad
291 3099 436 3161 raphanum
447 3097 551 3149 referret
563 3107 588 3149 et
598 3095 725 3165 κράμβην
738 3113 796 3148 cum
805 3095 842 3163 ῥα
866 3095 937 3145 avide
951 3097 1123 3148 confunderet.
1145 3098 1204 3148 Non
1215 3111 1258 3146 ac·

136 3172 224 3215 curate
240 3166 431 3229 ponderaverat,
448 3174 533 3216 utrum
549 3169 681 3218 nominum
697 3112 1259 3230 1111111111Πζίφανος11ραφανίς,1011111

136 3226 247 3298 κράμβη
259 3234 429 3296 responderet.
454 3233 530 3294 Quod
547 3249 606 3284 1110
618 3237 651 3285 ad
662 3235 777 3298 ipsorum
787 3233 922 3283 verborum
934 3233 1083 3296 scripturam
1095 3233 1192 3291 attinet,
1209 3233 1257 3296 du·

136 3300 211 3349 hitsri
228 3299 316 3362 utique
332 3307 419 3363 potest
434 3303 466 3351 de
481 3302 650 3365 particulam,
663 3316 728 3364 qnae
741 3301 846 3352 insolito
858 3302 936 3350 modo
951 3296 1112 3362 (utque-et)
1126 3314 1171 3362 pro
1186 3297 1258 3347 msam

135 3367 234 3416 dicitur.
256 3366 363 3416 Nullum
375 3383 436 3418 sane
446 3369 522 3419 huius
536 3370 661 3428 dictionis,
677 3377 801 3433 quantum
812 3369 873 3429 scio,
888 3368 1035 3431 exemplum
1047 3367 1173 3418 iuvenitur
1183 3379 1257 3428 prae·

135 3442 175 3483 ter
184 3433 320 3484 Livianum
331 3434 395 3485 illud
407 3440 448 3496 21,
461 3442 511 3496 38,
526 3437 570 3487 nbi
582 3451 632 3500 ogo
643 3437 697 3499 ipse
710 3451 768 3485 cnm
780 3436 883 3486 Handio
895 3435 1005 3484 Turseli.
1020 3440 1042 3495 1,
1056 3439 1113 3483 508.
1132 3431 1257 3483 Gronorii

135 3502 336 3551 emendationem
344 3517 391 3566 pro
400 3517 459 3553 1111
468 3502 563 3565 111111ος
575 3511 651 3568 atque
659 3504 734 3554 facile
742 3511 782 3553 est
790 3503 867 3553 etiam
878 3509 965 3551 nostro
976 3502 1034 3550 loeo
1047 3501 1175 3550 insolitam
1184 3499 1257 3549 illam

134 3568 234 3618 dicendi
242 3569 368 3619 rationem
377 3571 436 3620 loeo
445 3584 492 3620 suo
502 3585 613 3632 movere,
625 3573 661 3620 ita
672 3579 701 3622 ut
712 3571 753 3620 vel
764 3567 866 3618 tradidit
876 3569 918 3619 vel
927 3566 1003 3616 tradit
1013 3567 1083 3616 etiam
1096 3569 1195 3631 legatur
1210 3564 1257 3628 (dc

133 3632 319 3698 atqua-stium
331 3651 355 3685 1.
367 3640 400 3687 ad
412 3642 451 3698 14,
464 3635 526 3698 311).
547 3638 584 3688 Ut
598 3647 684 3688 tamen
701 3637 793 3687 codicis
805 3636 955 3698 scripturam
967 3636 1096 3695 retineam,
1112 3634 1174 3685 facit
1185 3641 1210 3684 et
1221 3635 1256 3684 si·

133 3703 201 3754 milis
212 3703 311 3754 locutio
320 3704 406 3754 Plinio
417 3704 582 3756 usitatissima
591 3703 645 3767 (nac
656 3721 738 3754 aaa„
746 3710 776 3765 et,
788 3719 811 3752 1.
821 3704 854 3752 ad
864 3709 887 3762 2,
898 3700 952 3764 63.)
965 3710 990 3751 11
998 3717 1074 3752 causa
1083 3701 1256 3766 diplomatica.

133 3771 209 3822 Patet
221 3771 287 3821 eninr
300 3771 327 3820 in
339 3773 425 3821 codice
437 3772 585 3836 archetypo,
597 3773 665 3822 unde
677 3786 766 3822 omnes
775 3771 854 3821 nostri
864 3770 962 3819 codices
973 3771 1083 3820 Pliniani
1097 3776 1256 3828 emanarunt,

133 3839 209 3888 verba
225 3854 239 3888 e
254 3839 502 3902 Pseudo-Appuleio
521 3847 620 3889 servata
636 3854 667 3888 ea
682 3840 714 3888 de
730 3853 806 3889 causa
822 3837 955 3897 excidisse,
973 3839 1033 3900 quia
1043 3839 1160 3887 librarius
1173 3837 1256 3887 oculis

133 3906 184 3956 suis
201 3907 234 3954 ab
251 3920 303 3956 uno
321 3913 344 3953 et
358 3913 442 3954 contra
458 3906 492 3955 ad
503 3905 612 3960 alterum
623 3906 756 3965 aberravit,
771 3906 823 3956 illis
835 3905 917 3954 verbis
929 3919 987 3954 cum
998 3906 1083 3955 statim
1094 3904 1257 3968 sequentibus

133 3973 240 4033 omissis,
256 3975 326 4037 quod
337 3973 391 4023 lieri
402 3974 447 4023 vix
458 3973 589 4036 potuisset,
606 3974 628 4023 si
645 3974 672 4022 in
688 3973 772 4035 priore
789 3973 849 4022 loco
866 3970 937 4020 etiam
950 3979 1034 4020 eontra
1048 3973 1194 4033 exstitisset,
1207 3972 1255 4022 uisi

132 4056 217 4091 rursus
235 4055 333 4092 sumere
344 4038 463 4090 volumus
479 4040 506 4089 in
515 4040 561 4088 illo
571 4041 667 4101 codice,
680 4054 756 4103 quem
767 4039 1026 4103 Pseudo-Appuleius
1034 4041 1175 4103 exscripsit,
1187 4039 1256 4089 male

132 4107 183 4158 iam
194 4116 217 4156 et
246 4123 274 4157 ro
287 4109 357 4156 eiiam
369 4109 464 4157 lectum
476 4106 563 4158 fuisse.
582 4148 613 4161 .,
636 4107 716 4156 iubent
726 4105 776 4169 sed,
788 4111 832 4159 ad.
855 4106 941 4168 iubeat,
954 4105 1054 4158 Scilleas
1066 4115 1088 4155 et
1103 4106 1255 4166 Tarentinas,

132 4189 152 4222 r.
172 4215 202 4224 ..
228 4123 323 4237 dibeas,
338 4167 409 4237 ded.
433 4173 542 4237 scilleos,
554 4191 573 4225 r.
592 4215 623 4227 ...
653 4175 813 4238 Tarentinam,
827 4177 850 4225 d.
883 4174 1052 4237 Terreatiaam,
1064 4190 1087 4224 1.
1111 4215 1141 4224 -
1167 4173 1254 4223 lambo-
