2896 4792
202 276 263 340 106
550 289 755 342 rsnuasms
777 291 973 343 merorum

198 442 259 507 lice
280 442 402 507 laetior.
437 440 574 524 Quaerit
595 444 696 507 solum
717 445 809 511 facile
830 467 891 510 neo
913 455 1018 510 tamen
1039 444 1228 512 harenosum
1251 470 1321 511 ma·

200 566 361 627 xumeque
390 543 537 610 sabulum
564 543 709 609 umidum
735 557 792 609 aut
819 545 1049 611 carbunculum
1075 546 1128 611 vel
1149 548 1203 611 tofi
1225 547 1322 612 etiam

198 645 345 723 farinam,
367 643 542 728 quamlibet
563 666 662 730 opaco
681 645 985 731 septentrionalique
1000 655 1032 711 et
1045 647 1243 735 praefrigido
1257 648 1323 714 situ

199 747 251 812 vel
273 749 369 812 etiam
391 746 524 822 declivi3
551 757 678 810 recusat
699 747 810 812 eadem
832 748 984 832 glaream,
1008 746 1180 825 rubricam,
1201 760 1322 814 cretam

198 869 390 931 omnemque
413 858 517 913 terrae
538 846 777 913 fecunditatem.
804 844 877 913 Seri
898 854 981 913 nuce
1002 848 1156 925 diximus,
1180 848 1237 913 sed
1258 848 1321 913 nisi
1337 866 1384 913 ms

199 972 240 1013 ex
268 950 428 1014 maxumis
455 971 519 1014 nou
544 949 692 1035 provenit
719 959 779 1015 ne‘c
806 949 868 1014 nisi
895 950 1002 1033 quinis
1031 950 1204 1015 acervatim
1231 949 1321 1014 satis.

198 1048 361 1137 Periringi
385 1050 487 1114 solum
509 1048 606 1114 debet
628 1072 727 1136 supra
747 1073 788 1115 ex
802 1049 976 1116 Novembri
997 1072 1106 1117 mense
1124 1048 1159 1114 iu
1173 1048 1321 1116 Februa·

198 1151 299 1230 rium,
336 1172 401 1234 quo
430 1151 552 1216 solutae
580 1162 694 1236 sponte
722 1151 841 1217 cadunt
868 1174 909 1217 ex
934 1151 1048 1217 arbore
1075 1162 1172 1235 utque
1201 1151 1321 1217 subna-

199 1266 342 1317 scuntur.
363 1251 538 1317 intervalla
553 1251 618 1317 sint
631 1253 768 1339 pedalia,
791 1252 934 1336 undique
950 1252 1038 1317 sulco
1053 1251 1245 1318 dodrantali.
1267 1252 1322 1317 Ex

111 1405 116 1417 .
197 1351 258 1419 hoc
280 1352 448 1418 seminario
468 1354 701 1419 transferuntur
727 1354 762 1418 in
789 1353 877 1419 aliud
899 1353 1040 1438 bipedali
1059 1353 1225 1419 intervallo
1247 1354 1322 1441 plus

199 1451 337 1518 biennio.
361 1452 445 1519 Sunt
468 1464 501 1519 et
521 1455 727 1542 propagines,
749 1455 828 1520 nulli
849 1454 980 1539 quidem
1000 1454 1176 1531 faciliores3
1199 1454 1321 1521 nudata
1335 1471 1383 1517 us

198 1554 285 1620 enim
311 1555 437 1634 radice,
467 1565 534 1620 tota
560 1556 593 1620 in
616 1557 705 1622 sulco
727 1555 957 1640 prosternitur3
990 1565 1057 1619 turn
1085 1576 1125 1620 ex
1154 1555 1321 1621 cacumine

197 1679 298 1742 supra
319 1666 435 1721 terram
456 1657 570 1722 relicto
591 1657 770 1722 renascitur
791 1667 824 1721 et
845 1656 908 1720 alia
929 1657 970 1722 ab
991 1655 1109 1721 radice.
1132 1653 1201 1720 Sed
1214 1665 1320 1721 trans-

197 1758 263 1821 lata
296 1757 401 1823 nescit
433 1756 589 1843 hospitari
621 1768 781 1843 pavetque
809 1757 983 1822 novitatem
1010 1768 1163 1822 castanea
1190 1757 1321 1823 biennio

197 1856 277 1934 fere,
300 1869 412 1943 postea
433 1856 575 1943 prosilit3
602 1857 676 1922 ideo
696 1858 833 1924 nucibus
852 1858 1073 1944 potiusquam
1087 1857 1321 1924 viviradicibus

198 1957 355 2043 plantans
387 1959 511 2024 medua
542 1958 713 2044 inplentur.
751 1957 888 2025 Cultura
914 1981 979 2024 non
1007 1959 1069 2024 alia
1095 1981 1192 2044 quam
1221 1982 1321 2046 supra
1336 1977 1384 2022 150
1442 2044 1446 2049 .

196 2057 305 2136 dictis,
335 2059 487 2126 fodiendo
516 2059 795 2146 supputandisque
822 2083 879 2147 per
905 2060 1069 2126 biennium
1091 2083 1229 2146 sequens
1236 2084 1245 2136 3
1278 2061 1321 2126 de

197 2170 305 2225 cetero
331 2161 461 2246 ipsese
483 2162 573 2240 colit,
602 2160 716 2226 umbra
743 2161 882 2227 stolones
910 2183 1126 2247 supervacuos
1148 2172 1321 2237 enecante3

197 2262 343 2327 caeditur
363 2261 447 2327 iutra
466 2274 647 2349 septumum
667 2285 796 2327 annum.
823 2260 996 2328 Sufficiunt
1010 2263 1201 2348 pedamenta
1214 2262 1322 2351 iugeri

196 2363 319 2428 vicenis
345 2364 513 2430 vincarum
538 2363 720 2452 iugeribus,
750 2364 878 2448 quando
906 2364 1002 2431 etiam
1028 2363 1128 2430 bifida
1155 2387 1196 2429 ex
1218 2365 1320 2451 stirpe

195 2463 277 2529 fiunt
296 2465 477 2549 durantque
499 2466 583 2529 ultra
604 2465 734 2530 alteram
757 2465 856 2531 silvae
879 2468 956 2530 suae
978 2487 1154 2530 caesuram.
1191 2465 1320 2531 Aescu·
1334 2471 1379 2527 iar

195 2564 246 2630 lus
267 2565 414 2632 similiter
434 2566 592 2652 provenit,
615 2589 750 2632 caesura
771 2567 907 2632 triennio
930 2566 1046 2642 senior,
1067 2565 1174 2631 minus
1192 2588 1320 2632 morosa

194 2666 284 2733 nasci
312 2668 347 2733 in
372 2689 577 2752 quacumque
605 2677 692 2732 terra
721 2668 838 2732 seritur
866 2689 941 2732 vere
969 2690 987 2732 e
1013 2666 1145 2744 balano,
1175 2667 1320 2734 sednon

194 2769 258 2834 nisi
287 2769 426 2846 aesculi,
456 2769 569 2835 scrobe
596 2769 793 2846 dodrantali,
822 2767 1000 2834 intervallis
1021 2768 1158 2832 duorum
1179 2769 1317 2854 pedum;

194 2871 329 2935 sarritur
349 2869 463 2935 leviter
484 2879 598 2953 quater
618 2891 712 2933 anno.
747 2869 823 2934 Hoc
844 2870 1071 2955 pedamentum
1091 2868 1233 2933 minume
1254 2890 1319 2952 pu·

195 2971 307 3036 trescit
327 2992 518 3054 caesumque
539 2991 688 3034 maxume
708 2969 848 3035 fruticat
884 2968 1019 3035 Praeter
1045 2970 1125 3035 baec
1148 2979 1221 3035 sunt
1243 2990 1318 3034 cae-

195 3070 261 3135 dua
282 3092 366 3155 quae
390 3071 541 3148 diximus,
562 3070 716 3149 fraxinus,
737 3071 859 3148 laurus,
881 3071 1019 3157 persica,
1042 3071 1180 3155 corylus,
1203 3071 1319 3150 malus,

230 3244 314 3306 514⁷.
333 3250 420 3305 maun,
435 3238 534 3295 Orac.
553 3260 607 3304 nou,
618 3239 647 3305 β.
667 3284 697 3293 ..
715 3242 831 3308 quereum,
843 3245 910 3295 Pint.
931 3242 1035 3308 pulsam,
1047 3245 1101 3298 Td.
1119 3241 1232 3308 palleum,
1244 3244 1318 3292 ΜΗ.

200 3308 329 3371 Gallicam,
341 3312 445 3362 Barbar.
457 3308 487 3372 β.
504 3310 599 3371 calceris,
612 3312 692 3361 alters
702 3312 810 3362 Barbari
822 3314 976 3372 coniectura,
988 3313 1021 3362 K.

230 3376 245 3437 ἱ
260 3384 316 3428 148.
334 3377 437 3428 diximus
449 3383 463 3443 §
477 3385 517 3430 59.
535 3420 567 3430 -
586 3379 634 3428 nai
643 3387 673 3440 et,
685 3395 708 3428 a.
726 3379 808 3441 nifiet,
822 3381 846 3429 d.
865 3420 897 3429 -
915 3378 1050 3443 Peftinpi,
1062 3396 1085 3429 a.
1102 3377 1224 3442 Refrinys',
1240 3370 1320 3427 θΤᾱ.

198 3485 229 3494 -
247 3461 390 3509 aspamam,
401 3448 434 3497 Κ.
453 3489 484 3497 ,.
503 3446 675 3511 sequipadolia,
686 3447 776 3497 Dulce.
794 3488 825 3497 -
846 3445 969 3507 biennium,
981 3463 1023 3496 ar.

231 3515 316 3578 5149.
338 3512 402 3564 Sunt
413 3521 442 3573 et,
454 3530 476 3563 a.
504 3513 573 3574 Sunt,
586 3518 610 3565 d.
629 3556 660 3563 ..
683 3522 738 3573 tarn,
754 3507 823 3565 aad.
854 3513 927 3574 Tunc,
939 3508 968 3573 β.
987 3555 1018 3563 -
1042 3529 1125 3576 supro,
1140 3506 1212 3561 θεά.
1240 3527 1320 3575 supa,

196 3576 226 3642 β.
246 3621 277 3630 -
295 3581 421 3630 nouitatem
433 3588 554 3641 castam
566 3583 602 3631 ita
613 3598 661 3631 nos
673 3583 826 3645 scripsimus.
844 3581 994 3641 nociturum,
1007 3597 1029 3630 a.
1048 3581 1182 3641 novitatatis,
1195 3576 1268 3643 dstr.
1288 3620 1319 3629 ..
1370 3589 1372 3592 '

197 3647 290 3696 biennio
293 3648 364 3711 scr03
382 3650 448 3698 haec
459 3650 535 3699 verbs
546 3649 693 3700 Schneider.
706 3651 739 3699 ad
751 3648 889 3700 Columell.
905 3663 930 3711 p.
943 3653 1000 3698 2³2.
1013 3649 1065 3697 hoc
1075 3650 1132 3712 ipso
1144 3644 1247 3698 auctorit
1259 3644 1320 3707 (IV.

196 3715 291 3778 3114.)
309 3717 342 3765 ad
358 3718 489 3781 superiora
505 3715 593 3778 reiart;
615 3717 693 3780 vulgo
709 3716 873 3780 sequentibus
889 3724 1065 3766 annectuntur.
1084 3756 1116 3765 -
1143 3712 1321 3775 vim'rodicrbus,

199 3785 274 3834 codd.
287 3783 343 3835 Gal.
361 3782 541 3844 uuaadicibus,
553 3786 599 3835 ad.

232 3853 318 3915 §¹⁵⁰-
343 3867 419 3915 supro
434 3849 511 3909 dictu,
528 3852 598 3901 salici
611 3859 636 3900 et
648 3852 790 3901 harundini.
811 3891 841 3899 -
860 3847 987 3912 fodiendo,
1003 3867 1026 3900 a.
1045 3848 1179 3915 fodiendis,
1197 3845 1268 3913 ᾱβγ.
1294 3889 1319 3897 -

196 3917 433 3983 reparandaque,
446 3935 468 3968 a.
481 3958 512 3968 ..
530 3918 624 3978 stolone,
637 3920 681 3967 sd.
696 3959 727 3967 ..
739 3933 883 3981 supeream
893 3933 917 3965 se
929 3925 1034 3978 nocente,
1046 3919 1071 3967 d.
1082 3959 1112 3967 ..
1126 3917 1220 3978 abaci,
1233 3919 1267 3968 D.
1286 3916 1321 3964 vi·

197 4000 247 4037 cam
258 3985 303 4047 sai,
316 3989 361 4036 sd.
381 3986 452 4035 uriae
464 3985 558 4044 υἰεειιὲς,
569 3980 621 4050 By.
640 4027 671 4035 ..
692 3983 767 4048 bifido
778 4001 815 4045 aa,
826 3985 975 4036 Schneider.
987 3987 1020 4035 sd
1032 3985 1169 4036 Columell.
1181 3985 1230 4035 IV.
1243 3990 1284 4046 38,
1298 3990 1321 4034 1.

200 4052 274 4118 infido
286 4069 323 4116 ec,
335 4057 380 4104 ad.
399 4070 429 4103 eo
440 4051 524 4116 b‘pida,
536 4049 587 4120 βγ.

233 4123 319 4184 5151.
336 4121 420 4183 secur,
433 4115 533 4172 OTad.
550 4120 632 4181 amor,
643 4115 673 4181 β.
692 4160 723 4170 ..
743 4118 826 4180 micus,
838 4120 927 4171 Tsdr.
950 4119 1026 4181 nima,
1037 4117 1066 4182 β.
1087 4162 1117 4171 ..
1137 4136 1198 4182 uera,
1210 4123 1254 4171 ad.
1277 4136 1322 4168 ca·

200 4187 281 4247 scitur,
296 4183 348 4251 βγ.
374 4190 425 4240 Illa
441 4190 564 4254 scriptura
578 4197 680 4252 recepta
694 4188 771 4237 verba
787 4185 812 4235 in
828 4203 972 4252 quocumque
989 4190 1033 4238 rel.
1051 4191 1082 4239 ad
1095 4185 1226 4253 superiora
1236 4188 1322 4248 retuli,

198 4271 258 4305 cum
271 4256 347 4318 vulgo
359 4251 428 4325 (ssr)
439 4257 499 4312 biuc
510 4272 577 4307 nova
587 4257 705 4321 periodus
716 4254 827 4319 incipiat.
848 4296 878 4305 -
901 4271 922 4318 e,
934 4257 1015 4307 omitt.
1028 4258 1074 4307 ad.
1094 4297 1124 4305 ..
1142 4255 1256 4316 conitar,
1267 4256 1321 4306 Ds-
