2896 4792
207 285 270 350 160
558 256 980 348 usruasms'msromsr

204 451 302 516 tarios
323 450 480 535 quinque,
503 461 670 535 praeterea
691 451 777 516 doris
799 450 994 527 semodium;
1028 460 1060 515 et
1081 445 1208 530 cibarii,
1238 451 1326 535 quod
1341 467 1373 514 st

205 551 430 617 secundarium
452 562 583 630 vocant,
618 551 776 616 sextarios
804 560 972 635 quattuor,
1005 550 1137 615 firrfuris
1170 552 1327 616 sextarios

204 651 351 731 totidem,
382 674 400 717 e
421 650 541 717 Pisana
562 663 670 717 autem
692 651 830 740 siliginis
852 651 1007 717 sextarios
1029 651 1191 735 quinque3
1220 663 1327 717 cetera

202 754 294 840 paria
314 765 398 818 sunt
421 750 557 818 Clusina
577 752 793 837 Arretinaque
815 752 990 819 etiamnum
1010 754 1166 818 sextarios
1190 753 1326 840 siliginis

203 853 369 931 adsciunt,
397 853 431 918 in
458 853 590 936 reliquis
616 876 720 939 pares.
759 851 796 918 si
818 876 895 919 vero
917 853 1069 939 pollinem
1088 853 1194 919 facere
1215 855 1325 933 libeat,

202 979 262 1021 xvr
283 954 391 1040 pondo
412 955 505 1040 panis
526 954 663 1020 redeunt
684 964 716 1020 ct
737 954 849 1020 cibarii
877 952 939 1018 tria
965 954 1191 1036 furfurumque
1219 976 1325 1019 semo·

202 1056 286 1122 dius.
308 1055 418 1120 Molae
431 1054 612 1120 discrimine
626 1054 686 1121 hoc
700 1065 842 1131 constat3
864 1077 940 1120 nam
954 1077 1036 1140 quae
1058 1055 1144 1120 sicca
1164 1056 1326 1122 moluntur
1338 1064 1371 1116 es

201 1157 276 1244 plus
305 1155 428 1221 farinae
453 1155 611 1234 reddunt,
640 1178 722 1241 quae
752 1155 836 1221 salsa
862 1177 946 1240 aqua
973 1177 1086 1240 sparsa
1110 1156 1325 1222 candidiorem

201 1258 384 1334 medullam,
414 1278 524 1321 verum
545 1255 619 1340 plus
639 1255 779 1320 retinent
800 1255 835 1319 in
857 1255 990 1319 furfure.
1023 1254 1178 1320 Farinam
1200 1281 1219 1321 a
1239 1257 1324 1322 farre

200 1360 320 1425 dictam
341 1356 469 1423 nomine
489 1357 561 1442 ipso
583 1356 725 1442 adparet.
749 1352 927 1441 Siligineae
947 1356 1070 1421 farinae
1092 1357 1219 1421 modius
1242 1354 1323 1422 Gal·

200 1460 282 1527 licae
303 1482 377 1523 xxn
396 1457 496 1538 libras
518 1457 611 1543 panis
631 1455 754 1534 reddit,
768 1455 914 1552 'Italicae
941 1457 1068 1522 duabus
1089 1458 1232 1547 tribuqve
1254 1480 1323 1522 am-

199 1562 286 1648 plius
306 1560 340 1625 in
361 1557 530 1642 artopticio
550 1580 651 1643 pane;
678 1578 752 1621 nam
773 1556 932 1623 iumaocis
953 1557 1046 1623 binas
1067 1559 1210 1624 adiciunt
1224 1557 1325 1624 libras

199 1660 234 1727 in
254 1679 456 1746 quocumque
478 1679 608 1746 genere.
950 1735 957 1748 ι

242 1759 289 1826 X.
323 1757 480 1844 Similago
508 1756 652 1823 etritico
673 1757 709 1821 fit
729 1758 960 1824 laudatissima.
992 1757 1046 1824 Ex
1068 1758 1181 1826 Afiico
1202 1759 1323 1825 iustum
1336 1774 1369 1819 89

200 1872 252 1929 est
273 1884 292 1927 e
313 1860 429 1927 modiis
450 1859 556 1924 redire
578 1859 738 1924 semodios
755 1869 787 1925 et
799 1859 928 1946 pollinis
943 1861 1099 1926 sextarios
1115 1861 1322 1946 quinque3..

84 1950 97 1969 ⁴
199 1961 246 2027 ita
267 1972 374 2028 autem
402 1960 565 2047 appellant
591 1959 625 2023 in
652 1960 758 2028 tritico
787 1961 874 2045 quod
899 1960 1011 2027 florem
1031 1962 1066 2025 in
1087 1961 1214 2049 siligine
1221 1986 1229 2039 3
1262 1954 1324 2027 hoc

187 2052 340 2129 ‘aeram
361 2061 507 2127 officinae
529 2059 770 2146 chartariaeque
791 2071 924 2127 utuntur
930 2087 940 2139 ;
956 2117 996 2126 ..
1017 2073 1185 2147 praeterea
1207 2083 1322 2127 secun-

199 2163 282 2229 darii
304 2162 457 2229 sextarios
478 2171 631 2246 quattuor
651 2161 875 2248 furfurumque
898 2163 1103 2240 tantundem,
1132 2164 1225 2248 panis
1247 2186 1323 2228 vero

200 2285 220 2329 e
240 2264 347 2331 modio
368 2262 557 2351 similaginis
571 2283 675 2341 cxxn,
697 2285 716 2328 e
736 2262 825 2328 floris
845 2263 952 2328 modio
967 2285 1068 2328 cxvn.
1090 2263 1234 2329 Pretium
1247 2264 1323 2331 huic
1336 2276 1369 2322 ⁹0

199 2385 327 2429 annona
348 2363 455 2430 media
475 2366 510 2429 in
530 2364 655 2430 modios
676 2363 801 2430 farinae
814 2387 859 2428 xn
880 2387 981 2443 asses,
1004 2364 1177 2450 similagini
1200 2375 1322 2430 castra-

180 2473 253 2530 ·tae
273 2464 397 2531 octonis
418 2465 544 2530 assibus
565 2464 714 2550 amplius,
737 2464 857 2552 siligini
878 2474 1033 2531 castratae
1048 2465 1191 2551 duplum
1214 2463 1277 2530 Est
1291 2477 1324 2530 et

200 2565 265 2631 alia
285 2565 446 2631 distinctio
468 2565 567 2631 semel
589 2576 732 2652 tempore
744 2565 787 2631 L.
799 2566 893 2631 Pauli
908 2576 994 2644 nata,
1016 2589 1087 2631 xv11
1108 2566 1216 2652 pondo
1230 2566 1323 2652 panis

199 2664 334 2731 reddere
355 2665 440 2743 visa,
471 2666 611 2732 secunda
631 2689 730 2746 xvm,
765 2666 859 2732 tertia
880 2689 942 2730 xrx
964 2689 1038 2732 cum
1059 2667 1185 2744 triente,
1216 2676 1248 2731 et
1270 2689 1322 2733 se-

200 2767 344 2832 oundarii
364 2766 458 2851 panis
478 2766 594 2851 quinas
616 2767 767 2845 selibras,
801 2767 932 2832 totidem
961 2766 1074 2832 cibarii
1103 2778 1136 2832 ct
1161 2766 1323 2832 firrfurum

199 2866 356 2933 sextarios
384 2889 453 2931 sex.
489 2863 594 2954 Siligo
619 2864 805 2950 numquam
820 2866 1006 2931 maturescit
1035 2865 1157 2952 pariter
1176 2888 1237 2931 nec
1258 2868 1322 2931 ulla
1336 2875 1367 2920 91

200 2976 348 3053 segetum
379 2966 487 3031 miuus
513 2965 697 3030 dilationem
723 2965 846 3050 patitur
872 2975 1007 3052 propter
1028 2965 1247 3046 teneritatem,
1279 2967 1321 3031 iis

234 3175 249 3236 ξ
262 3175 303 3223 et.
329 3179 352 3220 ct
363 3171 388 3219 in
399 3169 514 3220 cibariam
521 3186 609 3234 ponam
621 3185 689 3233 quem
700 3167 863 3220 secundarium
876 3169 1079 3232 vocant,sarinac
1087 3170 1204 3220 sextarios
1212 3178 1321 3234 quatuor,

200 3238 234 3288 K.
253 3237 336 3299 adom,
348 3253 371 3288 a.
390 3279 422 3288 ..
445 3238 554 3301 quiaque,
566 3240 638 3288 Tad.
661 3253 758 3300 qaoque,
770 3233 800 3298 β.
820 3277 850 3286 -
874 3236 1001 3295 cusanam,
1012 3253 1036 3287 a.
1056 3278 1086 3286 ..
1105 3237 1222 3298 adactum,
1238 3231 1320 3289 θΤᾶ.

200 3303 305 3366 odsiuat,
316 3322 339 3355 a.
358 3303 499 3365 adsciscunt,
512 3322 531 3355 r.
549 3312 678 3361 motmunt,
689 3300 719 3365 β.
738 3345 769 3354 ..
789 3302 924 3368 pollionem,
937 3320 960 3353 a.
979 3303 1011 3354 St
1020 3319 1073 3352 vero
1081 3305 1230 3367 paaemsac.
1243 3304 1322 3367 libeat,

200 3372 234 3422 X
238 3371 280 3423 VI
281 3372 396 3436 primord
401 3371 482 3436 ponis,
495 3373 584 3422 Dalec.
602 3413 633 3421 ..
652 3370 732 3433 XVI,
746 3389 768 3422 a.
787 3371 853 3432 XV,
866 3373 918 3422 Τὰ.
939 3411 971 3420 -
987 3387 1069 3434 panes,
1082 3388 1105 3421 a.
1125 3413 1157 3422 ..
1174 3372 1257 3434 cadmi,
1270 3390 1293 3423 a.

235 3458 300 3520 588.
327 3472 435 3520 namque,
447 3458 504 3507 ad‘.
528 3471 629 3519 namquo
639 3455 668 3517 ri,
680 3457 718 3506 (1².
738 3496 768 3506 -
792 3454 919 3520 Siliqiaeo,
931 3471 954 3504 a.
975 3495 1006 3503 ..
1024 3453 1120 3517 modios,
1132 3471 1156 3505 a.
1174 3496 1205 3505 -
1224 3454 1321 3517 XXII,

201 3525 248 3572 ad.
267 3521 382 3584 XXIII,
393 3519 422 3584 β.

235 3605 304 3666 §aa
330 3621 351 3668 e,
366 3599 465 3657 OTad.
484 3602 561 3667 east.
581 3647 611 3656 ..
635 3605 757 3669 modiad.
777 3647 809 3656 ..
826 3604 1023 3667 remedicaad.
1041 3646 1073 3655 ..
1098 3612 1247 3670 autera-pro
1259 3608 1285 3656 h.
1297 3623 1321 3655 v.

201 3675 389 3724 habentutad.
409 3714 440 3722 ..
458 3674 566 3730 ararica,
579 3690 601 3723 a.
621 3715 652 3723 ..
670 3672 818 3734 secundaria,
830 3676 854 3723 d.
873 3713 903 3722 ..
919 3671 1001 3736 panis,
1014 3674 1058 3722 ad.
1073 3687 1158 3735 pones,
1169 3643 1219 3738 fir.

235 3759 250 3823 5
264 3763 304 3808 90.
321 3755 472 3823 similoqiair,
484 3760 528 3807 ad.
546 3798 578 3807 -
598 3765 719 3806 maeatae
730 3758 825 3814 octonis,
835 3758 859 3805 d.
877 3753 1105 3819 castrametatum
1118 3755 1211 3814 octonis,
1223 3771 1247 3816 a,
1258 3769 1321 3804 voce

202 3823 299 3888 duplum
312 3839 345 3874 ex
356 3824 474 3875 inforiore
485 3825 543 3873 loco
553 3825 620 3874 male
629 3826 743 3888 repetita.
756 3865 788 3874 -
807 3821 878 3871 semel
889 3831 990 3886 tempore
1001 3821 1032 3871 L.
1042 3821 1119 3871 Pauli
1126 3829 1193 3881 nata,
1206 3813 1234 3871 θ,
1251 3820 1323 3870 semel

203 3899 304 3956 tempore
315 3891 347 3941 L.
356 3886 507 3956 poticulam,
520 3892 593 3941 Tad.
615 3890 732 3956 Similaqo
742 3890 775 3940 L.
786 3888 861 3954 pollis
872 3897 959 3950 cuam,
970 3885 1000 3950 β.
1023 3887 1165 3952 similopinir
1177 3896 1277 3952 tempora
1287 3887 1320 3938 L.

201 3957 281 4008 Pauli
290 3966 357 4020 nato,
368 3973 393 4024 γ.
412 3999 443 4007 ..
469 3956 565 4020 XVII
581 3950 681 4007 OTad.
702 3956 786 4022 primo
798 3957 830 4006 X
835 3955 892 4015 VII,
904 3957 975 4006 Brot
988 3970 1013 4019 γ.
1037 3997 1067 4004 -
1094 3954 1321 4016 secundo,inseruit

201 4025 282 4087 Brot,
295 4027 376 4077 omitt.
389 4019 515 4085 ernost.
539 4066 570 4074 ..
597 4023 708 4084 XVIII,
721 4019 801 4074 OTd.
827 4024 858 4072 In
874 4025 929 4072 eod.
947 4039 964 4072 a
981 4025 1022 4072 cul
1041 4024 1320 4087 abibliopcgacincer-

201 4099 265 4156 tum,
277 4091 382 4144 XVIII
390 4109 423 4144 an
434 4090 523 4143 XVII
532 4093 640 4155 legatur.
662 4093 721 4144 Om.
733 4087 763 4152 β.
782 4131 813 4140 ..
838 4089 908 4138 tertia
919 4088 1002 4152 XIX,
1017 4038 1117 4141 §Tau
1140 4089 1213 4140 tritici
1222 4090 1321 4152 XXX,

201 4153 230 4218 β.
249 4200 280 4208 ..
299 4158 432 4220 secundari,
444 4175 467 4209 a.
486 4201 516 4210 -
535 4158 619 4220 erdod,
631 4175 653 4208 a.

236 4245 304 4305 5⁹¹·
330 4243 440 4306 itaquae,
452 4246 476 4293 d.
490 4227 583 4306 'itaqua
595 4259 618 4293 a.
635 4241 787 4307 spicisqaos,
799 4243 832 4291 Κ.
850 4281 882 4291 ..
901 4248 1000 4302 marma,
1012 4252 1035 4290 a
