2896 4792
201 246 245 311 40
554 262 758 310 utrumuis
780 263 975 310 nrsromsn
1056 304 1064 313 .

201 435 240 477 ac
266 412 423 491 subrecti3
457 422 490 477 et
510 434 704 496 quamquam
726 414 867 478 omnium
889 412 1080 479 hederarum
1101 414 1211 501 generi
1232 415 1320 478 radi·

201 536 276 578 oosa
301 512 464 591 bracchia,
497 511 572 578 huic
593 524 699 578 tamen
720 537 871 579 maxume
893 537 1020 580 ramosa
1041 538 1079 580 ac
1099 515 1245 592 robusta3
1278 515 1321 581 ab

201 635 239 678 ea
252 614 374 699 nigrae.
398 612 465 680 Sed
486 614 652 700 proprium
674 614 776 691 albae,
799 614 885 699 quod
899 615 982 680 inter
995 615 1100 680 media
1113 615 1189 680 folia
1204 616 1322 680 emittit

200 714 351 780 bracchia
382 714 543 796 utrimque
577 736 703 799 semper
734 715 945 799 amplectens3
978 716 1039 781 hoc
1071 726 1103 780 et
1133 715 1168 778 in
1199 737 1319 794 muros,

193 815 347 897 quamvis
374 814 495 879 ambire
522 837 586 880 nou
613 816 726 900 possit.
748 815 862 900 Itaque
884 815 978 881 etiam
999 816 1146 901 pluribus
1167 815 1246 881 locis
1266 816 1319 880 in·
1335 833 1383 878 1⁵2

200 915 317 981 tercies
337 915 416 981 vivit
438 925 542 980 tamen
565 915 722 999 duratque
743 926 776 980 et
797 916 928 982 totidem
949 916 1040 980 initia
1060 915 1204 981 radicum
1221 916 1321 982 habet

198 1027 277 1099 quot
305 1016 469 1094 bracchia,
503 1015 619 1099 quibus
647 1016 814 1080 incolumis
841 1026 873 1081 et
900 1016 1002 1081 solida
1022 1015 1153 1081 arbores
1175 1017 1261 1103 sugit
1281 1039 1320 1083 sc

200 1118 389 1204 strangulat.
410 1115 473 1180 Est
495 1126 527 1180 et
548 1116 582 1179 in
603 1116 708 1181 fructu
729 1116 911 1183 differentia
925 1116 1016 1181 albae
1031 1117 1205 1202 nigraeque
1219 1117 1319 1184 hede-

199 1240 264 1297 rae,
293 1217 442 1302 quoniam
469 1216 539 1281 aliis
569 1227 657 1281 tanta
677 1216 855 1282 amaritudo
877 1217 962 1281 acini
983 1226 1019 1280 ut
1039 1240 1116 1282 aves
1137 1241 1201 1283 non
1223 1219 1319 1283 attin-

199 1329 289 1406 gant.
321 1317 384 1382 Est
405 1328 438 1382 et
458 1318 566 1403 rigens
587 1317 707 1382 hedera
727 1339 811 1400 quae
834 1317 902 1382 sine
924 1317 1117 1383 adminiculo
1144 1328 1223 1396 stat,
1253 1318 1320 1383 sola

199 1418 343 1485 omnium
363 1440 518 1504 generum
539 1418 580 1483 ob
602 1417 636 1485 id
658 1429 770 1484 vocata
797 1419 915 1496 cissos3
949 1441 967 1483 e
993 1418 1119 1483 diverso
1146 1440 1320 1502 numquam
1378 1438 1380 1442 ’

199 1519 262 1585 nisi
283 1519 372 1584 humi
394 1540 511 1605 repens
533 1518 776 1585 chamaecissos.
1062 1556 1072 1594 ι,

239 1619 394 1685 XXXV.
408 1621 458 1684 63.
483 1618 605 1685 Similis
626 1630 676 1685 est
696 1619 834 1685 hederae
855 1640 873 1682 e
897 1616 1011 1684 Cilicia
1029 1620 1160 1703 quidem
1180 1620 1382 1705 primum1⁵³

199 1723 342 1808 profecta
364 1720 420 1785 sed
441 1721 476 1784 in
494 1718 635 1785 Graecia
655 1719 862 1804 frequentior,
891 1740 988 1803 quam
1009 1731 1124 1785 vocant
1144 1720 1319 1798 zmilacem,

200 1821 311 1886 densis
332 1821 513 1906 geniculata
535 1820 696 1897 caulibus,
731 1819 870 1906 spinosis
896 1821 1069 1886 frutectosa
1096 1820 1209 1897 ramis,
1243 1820 1321 1886 lolio

198 1922 392 1999 hederaoeo,
414 1942 532 2006 parvo,
555 1943 620 1986 non
642 1921 809 2007 anguloso,
831 1944 852 1985 a
873 1920 1022 2007 pediculo
1044 1921 1207 1986 emittente
1227 1944 1319 2007 pam-

200 2023 305 2109 pinos,
333 2022 411 2088 flore
440 2021 588 2100 candido,
611 2022 718 2086 olente
739 2021 850 2086 lilium.
887 2022 968 2087 Fert
989 2045 1132 2087 racemos
1152 2021 1319 2089 labruscae
1334 2037 1382 2082 154

200 2123 309 2200 modo,
331 2145 395 2187 non
416 2122 569 2199 hederae,
591 2124 697 2188 colore
719 2122 828 2200 rubro,
851 2124 1006 2209 conplexa
1027 2123 1127 2187 acinis
1147 2125 1320 2190 maioribus

199 2224 330 2292 nucleos
352 2234 472 2301 ternos,
495 2223 672 2289 minoribus
687 2223 841 2310 singulos,
862 2224 971 2311 nigros
986 2223 1157 2308 durosque,
1179 2225 1320 2289 infausta

199 2323 347 2390 omnibus
368 2325 467 2389 sacris
489 2335 522 2388 et
544 2325 680 2402 coronis,
703 2324 854 2408 quoniam
875 2326 915 2389 sit
935 2324 1083 2412 lugubris
1104 2325 1229 2412 virgine
1249 2325 1319 2389 eius

198 2424 335 2490 nominis
356 2435 490 2511 propter
510 2447 650 2490 amorem
672 2425 798 2490 iuvenis
820 2423 915 2490 Croci
942 2435 1065 2490 mutata
1080 2425 1119 2489 in
1140 2426 1226 2491 hunc
1248 2425 1318 2489 fru-

200 2525 305 2592 ticem.
332 2524 374 2589 Id
394 2526 507 2612 volgus
521 2526 674 2612 ignorans
696 2527 883 2612 plerumque
904 2528 987 2591 festa
1009 2549 1067 2591 sna
1087 2526 1200 2611 polluit
1220 2527 1380 2592 herle-1⁵⁵

198 2647 267 2691 ram
282 2627 514 2705 existumando,
538 2628 621 2692 sicut
641 2627 675 2692 in
696 2628 801 2712 poetis
822 2639 879 2692 aut
889 2627 1010 2694 Libero
1024 2637 1116 2713 patre
1130 2640 1186 2693 aut
1198 2626 1318 2707 Sileno,

197 2728 270 2812 quis
291 2727 419 2794 omnino
440 2727 543 2792 nescit
564 2726 682 2811 quibus
703 2730 914 2793 coronentur?
935 2728 966 2793 E
988 2729 1121 2794 zmilace
1135 2729 1216 2794 iiunt
1230 2730 1319 2795 eodi-

199 2827 281 2906 cilli,
318 2829 549 2916 propriumque
582 2829 733 2893 materiae
759 2838 872 2893 estut
901 2829 1029 2894 admota
1057 2830 1188 2894 auribus
1214 2828 1319 2892 lenem

231 3001 350 3060 subruta,
363 3001 400 3055 αἱ,
420 3040 451 3048 -
470 3015 592 3063 quumque,
610 3017 633 3052 a.
653 3041 685 3051 ..
708 2998 859 3062 hederarum,
876 3015 927 3050 om.
944 3017 964 3050 r.
988 3041 1020 3049 -
1044 2997 1162 3060 omelia,
1180 3013 1232 3047 om.
1247 3015 1267 3048 r.
1287 3039 1318 3047 .-

199 3065 367 3195 atrimquapq.
397 3074 533 3131 utramque,
550 3069 631 3118 TKa.
655 3109 686 3117 ..
714 3066 772 3116 loeo
787 3075 821 3118 est
836 3075 872 3130 et,
887 3069 920 3120 K.
943 3106 974 3116 -
1002 3081 1093 3127 muros,
1114 3057 1159 3114 Or.
1185 3081 1273 3125 mares,
1294 3082 1318 3115 a.

198 3133 279 3194 martir,
291 3135 339 3184 Ka
390 3171 396 3183 .
481 3133 483 3138 ’

232 3204 317 3264 §152-
336 3149 399 3266 stylit
415 3200 600 3266 oestruopulot,
613 3221 633 3252 r.
658 3244 689 3252 -
715 3200 763 3250 Est
774 3202 799 3251 ia
803 3201 897 3264 serata,
909 3201 971 3248 adr.
995 3240 1026 3249 ..
1055 3197 1112 3259 illis,
1124 3199 1272 3250 Schneider.
1284 3201 1319 3249 ad

198 3269 329 3331 Theophr.
345 3270 404 3318 hist.
421 3270 502 3332 plant.
515 3269 564 3319 ΠΙ.
579 3276 619 3330 18,
634 3276 673 3320 10.
690 3284 715 3332 ρ,
728 3273 787 3321 268.
814 3305 845 3316 ..
872 3265 1017 3328 amatia,
1032 3267 1176 3317 Pontedera
1191 3266 1317 3331 antiquitt.

198 3350 214 3402 p
232 3404 247 3465 ξ
261 3409 317 3452 1511.
344 3401 443 3464 similis,
452 3405 476 3453 d.
495 3402 619 3462 Similae.
637 3403 670 3451 V.
682 3401 814 3464 Theophr.
827 3401 844 3448 l.
857 3401 874 3448 l.
887 3398 937 3453 ΠΙ.
952 3406 991 3460 le,
1005 3405 1045 3452 11.
1057 3409 1083 3450 et
1093 3402 1208 3453 Dioscor.
1221 3407 1245 3461 4,
1260 3407 1317 3454 142.

198 3508 229 3519 .-
248 3467 363 3535 Itedereae
378 3468 470 3530 Oilicr‘a,
487 3487 509 3520 a.
537 3469 638 3519 heduae
652 3466 744 3528 etima,
756 3469 780 3516 (1.
807 3464 879 3516 edem
892 3462 996 3528 (italae,
1008 3484 1027 3518 r.
1050 3509 1082 3517 -
1104 3466 1196 3531 quiem
1203 3467 1317 3529 pomam,

198 3539 242 3586 ad.
258 3536 360 3599 primam
372 3536 473 3600 quidem,
485 3533 536 3602 βγ.
555 3535 656 3599 ᾳιιιᾈεπι,
668 3549 689 3582 r.
707 3575 738 3583 -
754 3533 867 3596 proficio
876 3532 926 3595 sed,
939 3536 963 3586 d.
983 3536 1091 3599 profecto
1101 3534 1152 3595 sed,
1163 3552 1186 3584 s.
1208 3533 1251 3582 sed
1259 3549 1317 3596 pro.

190 3602 266 3666 seete,
278 3621 298 3653 r.
325 3644 352 3652 -
380 3603 551 3664 similaceus.
575 3642 605 3651 ..
625 3601 768 3662 frutectosa,
781 3602 854 3650 Tad.
872 3601 1030 3663 fraeteotoso,
1046 3595 1074 3652 θ.
1093 3601 1224 3665 fruticosa,
1236 3595 1265 3661 β.
1284 3641 1315 3649 -

190 3668 265 3737 solia,
278 3687 301 3721 a
319 3712 351 3721 ..
370 3670 505 3730 iederaeea
518 3671 542 3719 (1.
560 3666 695 3727 lederoceu,
708 3683 730 3717 a.
748 3683 789 3716 eea
801 3666 879 3730 edcrq
891 3685 911 3718 r.
925 3707 956 3718 ..
970 3684 1060 3733 parva
1072 3673 1108 3719 ι’.
1122 3708 1154 3718 ..
1174 3665 1317 3730 opedieala

199 3738 223 3785 d.
241 3753 258 3784 a
268 3737 372 3799 reticulo,
385 3756 408 3788 a.
427 3778 459 3787 -
477 3735 563 3791 Mirm,
574 3748 597 3782 a

124 3812 128 3823 “
232 3803 316 3864 9154.
343 3800 578 3867 computaremus
589 3800 655 3861 mai,
673 3801 788 3865 Scaliger
803 3804 836 3852 ad
847 3803 979 3866 Theophr.
996 3804 1054 3852 hist.
1071 3804 1150 3865 plant.
1169 3817 1195 3865 p.
1208 3806 1265 3852 212.
1285 3840 1316 3850 ..

199 3878 281 3930 urnae,
294 3876 317 3923 d.
336 3871 447 3929 undenos,
459 3884 482 3916 a
499 3868 537 3916 At
547 3882 571 3916 v.
584 3869 714 3931 Theophr.
727 3870 745 3918 l.
757 3870 775 3920 l.
787 3869 837 3920 111.
852 3876 891 3931 la,
906 3875 945 3920 12.
958 3868 988 3918 ἐν
1000 3869 1060 3926 τοῖς
1067 3865 1174 3928 μείζοσι
1191 3867 1316 3933 (sopior)
1408 3904 1410 3909 .

197 3934 229 3985 δὲ
242 3939 324 4002 τρεῖς.
344 3979 375 3988 ..
392 3935 476 3993 emite,
488 3949 511 3982 a.
528 3933 605 3982 saeris
615 3942 638 3982 et
648 3935 782 3998 soeqiiciie,
795 3938 848 3987 Ta
867 3976 899 3987 ...
917 3936 1039 4000 virginem,
1051 3952 1075 3985 a.

230 4008 245 4068 ᾖ
259 4011 316 4055 1115.
334 4004 387 4068 qais
397 3999 501 4062 omnium
510 4016 557 4063 pro
570 4002 610 4052 his
621 4004 726 4054 vocibus
738 4005 834 4054 habent
845 4003 888 4066 qui
897 4018 977 4052 somno
986 4004 1060 4053 Tad.
1077 4004 1133 4053 Iam
1144 4003 1204 4051 licet
1212 4003 1318 4065 vulgata

198 4073 320 4135 explicari
331 4069 424 4133 possit,
441 4069 552 4117 contorti
566 4076 652 4119 tamen
668 4070 764 4134 aliquid
778 4071 857 4120 habet
872 4085 918 4133 per
931 4072 1073 4133 asyndeton
1088 4071 1187 4130 durius,
1208 4077 1234 4119 et
1249 4077 1317 4118 certo

197 4140 260 4188 mihi
276 4147 314 4188 est
328 4151 476 4200 persuasum
486 4136 599 4189 Plinium
616 4138 745 4200 scripsisse
760 4137 803 4201 qai
818 4136 871 4199 qua
882 4136 974 4187 omniuo
984 4137 1001 4190 i.
1014 4152 1035 4186 e.
1048 4137 1076 4187 hi
1088 4138 1179 4200 quibus
1191 4136 1261 4186 loliis
1273 4149 1317 4183 co-

196 4215 323 4264 ronentur,
336 4205 392 4266 quis
404 4204 508 4252 omuino
520 4203 616 4253 nescit?
633 4205 779 4255 Pronomen
797 4205 927 4254 relativum
940 4207 973 4255 ad
984 4213 1081 4268 poetas,
1097 4205 1229 4253 Bacchum
1241 4211 1266 4251 et
1277 4201 1317 4253 Si-
