2896 4792
387 287 548 338 marva
577 286 768 335 2222222.
798 286 995 334 sacca-a.
1205 272 1246 337 66

124 443 204 509 facit
224 442 305 507 odor
324 440 477 524 virusque
505 450 537 504 et
562 438 674 504 folium
702 462 766 504 non
796 438 926 504 iucundi
958 439 1076 517 odoris,
1110 450 1247 524 utroque

124 544 205 610 visci
227 564 335 608 amaro
356 552 390 608 21
409 541 506 606 lento.
540 539 699 625 Hyphear
720 540 762 604 ad
785 540 962 628 saginanda
983 562 1099 626 pecora
1120 540 1247 617 utilius;
1261 557 1309 601 242

123 645 204 712 vitia
224 645 320 710 modo
341 651 459 730 purgat
483 641 605 728 primo,
640 641 714 706 dein
747 642 947 728 pinguefacit
976 664 1058 727 quae
1092 643 1248 708 suffecere

73 788 82 810 .
123 745 328 835 purgationi3
349 743 468 829 quibus
489 743 532 807 sit
552 741 659 828 aliqua
681 743 772 808 tabes
793 743 891 822 intus,
914 755 1035 832 negant
1048 745 1174 810 durare.
1197 743 1248 810 Ea

124 848 276 914 medendi
297 847 378 910 ratio
400 843 532 910 aestatis
555 844 769 930 quadragenis
791 845 915 910 diebus.
949 845 1105 910 Adiciunt
1133 846 1247 911 discri-

123 971 199 1015 men
220 947 310 1015 visco
329 948 363 1012 in
384 945 434 1010 his
457 967 540 1029 quae
562 944 639 1009 folia
658 946 806 1011 amittant
827 958 860 1011 et
879 946 942 1031 ipsi
958 947 1115 1026 decidere,
1138 959 1249 1012 contra

123 1053 289 1119 inhaerere
310 1059 386 1114 nato
407 1047 442 1114 in
463 1057 593 1113 aeterna
613 1048 735 1112 fronde.
759 1046 900 1114 Omnino
921 1059 1029 1113 autem
1044 1059 1149 1114 satum
1162 1050 1250 1115 nullo
1262 1066 1310 1109 221

123 1153 219 1219 modo
239 1153 385 1217 nascitur
404 1172 465 1215 nec
486 1149 547 1214 nisi
570 1171 628 1234 per
649 1150 754 1214 alvom
776 1149 883 1215 avium
905 1150 1077 1229 redditum,
1101 1173 1249 1216 maxume

124 1254 285 1343 palumbis
310 1275 349 1318 ac
378 1251 498 1328 turdis3
526 1250 607 1315 haec
634 1261 682 1316 est
704 1261 828 1328 natura,
855 1262 891 1316 ut
916 1251 979 1316 nisi
999 1262 1195 1318 maturatum
1215 1253 1248 1317 in

124 1367 238 1422 ventre
265 1354 373 1421 avium
398 1375 464 1419 non
490 1351 666 1438 proveniat.
695 1349 843 1417 Altitudo
865 1352 934 1418 eius
955 1375 1021 1418 non
1043 1353 1169 1419 excedit
1191 1376 1248 1420 cu-

125 1456 272 1535 bitalem,
306 1477 435 1540 semper
460 1452 628 1519 frutectosi
654 1475 692 1517 ac
719 1450 840 1517 viridis.
878 1451 953 1517 Mas
975 1454 1104 1531 fertilis,
1133 1455 1250 1519 femina

125 1558 253 1637 sterilis,
275 1556 338 1623 nisi
359 1558 447 1642 quod
469 1565 502 1621 et
522 1553 634 1620 fertilis
654 1553 826 1639 aliquando
848 1576 912 1619 non
933 1556 1004 1620 fert.

168 1662 219 1726 94.
240 1659 377 1726 Viscum
398 1657 495 1723 confit
515 1679 556 1720 ex
578 1655 678 1720 acinis
698 1655 755 1740 qui
776 1654 972 1744 oolligrmtur
994 1655 1146 1722 messium
1168 1667 1249 1723 tem·
1264 1674 1312 1718 aas

125 1783 204 1848 pore
224 1760 375 1824 inmaturi
382 1782 391 1835 3
414 1781 489 1822 nam
511 1756 539 1822 si
561 1778 726 1822 accessere
740 1756 871 1836 imbres,
894 1758 1103 1844 amplitudine
1118 1759 1249 1843 quidem

126 1872 298 1951 angentia,
327 1860 416 1926 visco
437 1880 514 1924 vero
534 1868 754 1935 marcescunt3
793 1857 955 1924 siccantur
975 1859 1090 1925 deinde
1113 1871 1146 1926 et
1166 1861 1249 1926 aridi

127 1965 305 2030 tunduntur
326 1985 365 2028 ac
383 1961 503 2028 conditi
518 1960 552 2023 in
567 1981 650 2043 aqua
664 1970 854 2044 putrescunt
868 1960 1025 2026 duodenis
1039 1962 1107 2027 fere
1122 1963 1247 2041 diebus,

125 2088 287 2151 unumque
309 2065 370 2130 hoc
391 2085 499 2128 rerum
526 2062 740 2148 putrescendo
767 2061 903 2148 gratiam
930 2062 1070 2140 invenit3
1105 2064 1181 2129 inde
1214 2065 1247 2128 in

125 2167 314 2255 profluente,
337 2188 449 2230 rursus
471 2188 490 2228 2
511 2163 625 2229 malleo
645 2163 741 2240 tunsi,
765 2162 890 2226 amissis
910 2162 1083 2230 corticibus
1096 2165 1247 2231 interiore

126 2291 221 2334 carne
235 2268 423 2332 lentescunt.
445 2264 520 2330 Hoc
543 2275 591 2330 est
613 2264 735 2329 viscum
756 2263 865 2349 pinnis
887 2265 993 2330 avium
1010 2274 1094 2331 tactu
1108 2267 1247 2355 ligandis

125 2369 286 2456 iuglandis
308 2369 379 2435 oleo
402 2368 579 2443 subactum,
604 2388 677 2430 cum
697 2366 797 2432 libeat
818 2365 951 2431 insidias
972 2368 1086 2433 moliri.

168 2473 218 2536 95.
255 2468 328 2535 Non
356 2479 405 2534 est
426 2468 601 2534 omittenda
621 2467 655 2530 in
676 2466 736 2532 hac
758 2490 793 2532 re
816 2476 848 2531 et
869 2464 1046 2533 Galliarum
1069 2470 1246 2537 admiratio.
1260 2482 1308 2528 2⁴⁹

125 2570 212 2636 Nihil
232 2569 352 2635 habent
363 2569 510 2634 Druidae
522 2625 560 2632 ..
573 2569 619 2632 ita
643 2590 718 2632 suos
741 2569 904 2653 appellant
925 2592 1037 2657 magos
1055 2627 1094 2634 -
1111 2572 1198 2637 visco
1215 2584 1246 2637 et

125 2671 238 2737 arbore
259 2671 293 2735 in
316 2693 379 2755 qua
404 2671 573 2759 gignatur,
608 2669 752 2734 simodo
775 2668 816 2732 sit
841 2669 950 2747 robur,
979 2672 1142 2737 sacratius.
1175 2674 1245 2738 Iam

125 2797 183 2861 per
215 2795 250 2840 se
283 2772 434 2838 roborum
464 2773 588 2859 eligunt
618 2771 707 2836 lucos
740 2793 798 2835 nec
831 2770 895 2835 ulla
922 2794 1013 2836 sacra
1042 2773 1110 2837 sine
1138 2796 1246 2839 earum

158 2984 243 3046 5145.
262 2980 399 3039 1221222221.
417 2997 447 3030 ac
458 2977 599 3045 1221221922.
619 3023 649 3032 ..
669 2982 743 3042 amai,
756 2984 825 3032 delet
835 2983 940 3032 Barbar.
958 3024 988 3032 ..
1008 2981 1141 3048 1222222
1160 2981 1245 3048 lypea,

124 3051 154 3117 d.¹
165 3051 205 3099 De
217 3064 244 3099 re
256 3065 279 3098 v.
289 3050 421 3114 Theophr.
431 3051 490 3100 hist.
501 3051 579 3113 plant.
590 3049 638 3104 III.
650 3056 689 3111 16,
701 3057 723 3100 1.
733 3059 758 3099 21
767 3052 798 3099 (12
808 3066 876 3100 caus:
885 3051 964 3114 plant
974 3051 1009 3099 11.
1022 3057 1060 3110 17,
1072 3057 1094 3100 1.
1109 3092 1139 3099 -
1153 3049 1211 3112 ilice,
1222 3067 1244 3101 a.

125 3117 213 3167 omitt.
226 3119 272 3181 dr.
291 3158 322 3165 ..
336 3133 423 3180 pruno,
436 3120 459 3167 d.
474 3116 561 3181 primo,
574 3133 597 3166 a.
613 3117 675 3181 piro,
687 3119 766 3167 Hard.
781 3159 811 3166 ..
830 3116 955 3181 adgnasci,
967 3136 989 3168 a.
1008 3114 1198 3184 22122221,(1βγ.
1213 3161 1244 3168 ..

121 3181 236 3247 plerique,
254 3187 285 3234 ad
298 3187 428 3248 sequentia
445 3184 520 3234 refert
532 3201 656 3235 manuscr.
668 3186 747 3236 Paris.
760 3201 801 3249 ap.
813 3187 904 3235 Delec.
916 3202 1009 3236 novam
1021 3188 1080 3235 hinc
1092 3189 1245 3237 enuntiatio·

123 3253 325 3316 nemineipiens.
350 3294 381 3302 -
406 3269 499 3316 querca
512 3254 578 3303 Tad
591 3251 729 3314 (manuscr.
740 3255 820 3303 Paris.
833 3269 873 3317 ap.
886 3253 989 3317 Dalec.)
1015 3253 1182 3317 quercuquod,
1194 3251 1244 3319 βγ.

125 3360 155 3368 -
175 3317 320 3383 2212221222,
336 3312 412 3370 Oua
431 3319 466 3369 ad
477 3318 603 3383 12221222,
616 3324 640 3370 d.
659 3319 771 3384 hyphear,
784 3337 908 3371 manuscr.
920 3323 1001 3371 Paris.
1014 3338 1054 3386 ap.
1068 3324 1155 3372 Dalec.
1174 3321 1246 3387 dryas

64 3442 73 3451 μ
124 3385 238 3451 hyphear,
250 3384 300 3451 βγ.
325 3383 503 3451 δρυὸςῑξίον,
516 3389 606 3438 Dalec.
625 3430 655 3437 -
680 3381 1004 3452 2122222-12212,9Τ2(1.
1028 3398 1131 3454 utroquo.
1151 3389 1244 3440 Wscum

124 3470 232 3503 amarum
244 3462 268 3502 21
279 3453 372 3516 lentum,
384 3472 404 3505 r.
422 3455 446 3504 iu
459 3463 556 3518 utroque
568 3455 630 3504 21222
642 3472 750 3504 amorum
763 3455 889 3517 2112212212,
901 3451 930 3517 β.

157 3525 242 3586 5246.
269 3521 444 3585 sufficeraad.
469 3522 613 3587 superfuere,
625 3525 715 3574 Dalec.
738 3565 770 3573 ..
797 3523 869 3586 lobea,
885 3525 952 3575 Pint.
979 3526 1061 3576 Dera
1077 3525 1244 3590 v.Theophr.

124 3591 155 3638 de
167 3605 235 3640 caus.
245 3591 326 3654 plant.
338 3589 373 3640 Π.
388 3595 427 3653 17,
440 3595 463 3640 6.
483 3632 513 3640 -
532 3591 625 3652 aetatis,
638 3608 660 3641 2.
674 3631 705 3640 -
723 3591 818 3653 crimen,
830 3594 854 3642 d.
873 3633 904 3642 ..
924 3591 981 3653 2122,
994 3596 1039 3643 ad.
1057 3635 1088 3644 ..
1108 3594 1209 3654 2111221,
1221 3609 1243 3642 a

123 3656 260 3717 mittuntd.
610 3675 614 3682 '

157 3724 243 3784 §m
273 3723 344 3785 22112,
361 3719 478 3776 OTadr.
497 3724 552 3787 2112,
564 3721 592 3786 β.
613 3767 643 3775 -
668 3724 833 3788 122112,Τ2(1.
857 3723 969 3789 12212329.
990 3729 1048 3779 Η22
1060 3730 1162 3794 respicit
1174 3728 1244 3778 Serv.

125 3791 159 3841 ad
171 3792 268 3857 Vergil.
281 3793 348 3843 Aen.
362 3799 386 3853 6,
399 3800 456 3843 205.
477 3835 504 3842 -
526 3793 620 3855 excidit,
634 3796 657 3844 d.
671 3835 702 3844 ..
713 3793 848 3857 frutectosi,
864 3787 962 3846 8Tad.
973 3797 1094 3859 fruticosi,
1106 3790 1135 3857 β
1149 3836 1180 3844 -
1198 3794 1247 3844 nui

122 3857 187 3922 quod
196 3859 322 3923 etsertilts,
334 3861 381 3910 13².
401 3861 489 3912 Omitt.
501 3857 635 3926 Dudssr.
653 3863 721 3912 Hinc
732 3862 820 3912 Dalec.
833 3864 941 3913 coniecit
952 3863 985 3914 21.
997 3881 1051 3913 vero
1059 3863 1122 3925 sert,
1139 3865 1206 3927 quod
1218 3863 1244 3913 in

122 3928 233 3978 lectione
245 3930 349 3992 vulgata
360 3944 440 3991 paene
452 3931 627 3980 necessarium.

157 3994 243 4055 §m
269 3996 350 4060 confit,
363 3997 387 4045 d.
405 4013 456 4044 cum
461 3996 502 4059 fit,
515 4014 538 4047 a.
549 3998 592 4060 fit,
604 4015 624 4047 r.
644 4039 674 4048 ..
694 4005 800 4062 cupetur,
813 4014 836 4048 a.
857 4039 887 4047 -
906 3998 971 4059 cocti,
984 4001 1050 4048 Pint.
1069 4039 1100 4047 ..
1124 3995 1244 4061 2221122,

127 4054 229 4113 orac.
248 4062 340 4121 malleo,
352 4059 380 4124 β.
394 4105 425 4114 -
445 4063 549 4129 ligandis
560 4064 691 4129 iuglandis3
704 4067 769 4115 haec
777 4060 799 4126 β
807 4067 930 4130 scriptura
940 4067 1043 4116 diversis
1052 4066 1136 4115 modis
1145 4083 1161 4116 a
1169 4070 1243 4118 codd

124 4132 294 4181 confirmatur.
315 4129 419 4195 liganda
429 4130 535 4195 glandis,
551 4125 579 4182 θ.
598 4132 760 4198 1291222122.
779 4132 890 4196 ligandis,
903 4135 977 4197 Toy.

157 4197 242 4259 §m
269 4196 399 4248 mainardo
414 4199 483 4260 in,a.
507 4198 664 4262 omittendum,
677 4203 700 4252 d.
724 4242 755 4250 -
778 4198 925 4262 haerena
947 4203 1096 4264 parram
1117 4206 1244 4268 9222221.

122 4279 197 4323 aare,
208 4261 310 4383 firm..
328 4273 358 4329 21,
370 4282 420 4316 om.
432 4283 452 4316 r.
466 4308 496 4316 -
515 4267 634 4332 magian„
649 4309 679 4318 ..
698 4266 854 4327 [2221221.
872 4309 901 4317 ..
922 4271 1126 4398 222222ἑ1Τ221.
1145 4266 1244 4335 2222912

155 4334 233 4384 Pnns.
294 4371 300 4384 .
