<?xml version="1.0" encoding="UTF-8"?>
<!DOCTYPE html PUBLIC "-//W3C//DTD XHTML 1.0 Transitional//EN"
    "http://www.w3.org/TR/xhtml1/DTD/xhtml1-transitional.dtd">
<html xmlns="http://www.w3.org/1999/xhtml" xml:lang="en" lang="en">
 <head>
  <title>
</title>
<meta http-equiv="Content-Type" content="text/html;charset=utf-8" />
  <meta name='ocr-system' content='tesseract 3.04.00' />
  <meta name='ocr-capabilities' content='ocr_page ocr_carea ocr_par ocr_line ocrx_word'/>
</head>
<body>
  <div class='ocr_page' id='page_1' title='image "./cplinisecundina11plingoog_0081.png"; bbox 0 0 2896 4792; ppageno 0'>
   <div class='ocr_carea' id='block_1_1' title="bbox 197 249 967 311">
    <p class='ocr_par' dir='ltr' id='par_1_1' title="bbox 197 249 967 311">
     <span class='ocr_line' id='line_1_1' title="bbox 197 249 967 311; baseline -0.005 -1"><span class='ocrx_word' id='word_1_1' title='bbox 197 249 237 311; x_wconf 77' lang='lat'>74</span> <span class='ocrx_word' id='word_1_2' title='bbox 545 263 748 308; x_wconf 68' lang='lat' dir='ltr'>aerumma</span> <span class='ocrx_word' id='word_1_3' title='bbox 772 261 967 309; x_wconf 73' lang='lat' dir='ltr'>merorum</span> 
     </span>
    </p>
   </div>
   <div class='ocr_carea' id='block_1_2' title="bbox 192 412 1363 2625">
    <p class='ocr_par' dir='ltr' id='par_1_2' title="bbox 192 412 1363 2625">
     <span class='ocr_line' id='line_1_2' title="bbox 195 412 1315 498; baseline 0 -20"><span class='ocrx_word' id='word_1_4' title='bbox 195 426 263 489; x_wconf 86' lang='lat' dir='ltr'>tur3</span> <span class='ocrx_word' id='word_1_5' title='bbox 289 414 346 479; x_wconf 88' lang='lat' dir='ltr'>sed</span> <span class='ocrx_word' id='word_1_6' title='bbox 367 413 569 478; x_wconf 86' lang='lat' dir='ltr'>idem‘solum</span> <span class='ocrx_word' id='word_1_7' title='bbox 584 413 777 496; x_wconf 89' lang='lat' dir='ltr'>ubicumque</span> <span class='ocrx_word' id='word_1_8' title='bbox 792 413 927 477; x_wconf 90' lang='lat' dir='ltr'>arduum</span> <span class='ocrx_word' id='word_1_9' title='bbox 941 434 1049 498; x_wconf 88' lang='lat' dir='ltr'>opere,</span> <span class='ocrx_word' id='word_1_10' title='bbox 1072 412 1200 478; x_wconf 91' lang='lat' dir='ltr'>difficile</span> <span class='ocrx_word' id='word_1_11' title='bbox 1216 415 1315 491; x_wconf 89' lang='lat' dir='ltr'>cultu,</span> 
     </span>
     <span class='ocr_line' id='line_1_3' title="bbox 195 513 1316 601; baseline -0.001 -21"><span class='ocrx_word' id='word_1_12' title='bbox 195 515 286 580; x_wconf 90' lang='lat' dir='ltr'>bonis</span> <span class='ocrx_word' id='word_1_13' title='bbox 309 515 375 580; x_wconf 91' lang='lat' dir='ltr'>suis</span> <span class='ocrx_word' id='word_1_14' title='bbox 397 514 502 578; x_wconf 90' lang='lat' dir='ltr'>acrius</span> <span class='ocrx_word' id='word_1_15' title='bbox 524 535 627 598; x_wconf 85' lang='lat' dir='ltr'>paene</span> <span class='ocrx_word' id='word_1_16' title='bbox 648 535 744 598; x_wconf 90' lang='lat' dir='ltr'>quam</span> <span class='ocrx_word' id='word_1_17' title='bbox 767 515 854 578; x_wconf 88' lang='lat' dir='ltr'>vitiis</span> <span class='ocrx_word' id='word_1_18' title='bbox 868 525 978 599; x_wconf 89' lang='lat' dir='ltr'>posset</span> <span class='ocrx_word' id='word_1_19' title='bbox 993 513 1118 599; x_wconf 87' lang='lat' dir='ltr'>adfligit</span> <span class='ocrx_word' id='word_1_20' title='bbox 1132 515 1316 601; x_wconf 77' lang='lat' dir='ltr'>agricolam.</span> 
     </span>
     <span class='ocr_line' id='line_1_4' title="bbox 194 615 1363 698; baseline 0.005 -20"><span class='ocrx_word' id='word_1_21' title='bbox 194 615 238 679; x_wconf 85' lang='lat' dir='ltr'>Et</span> <span class='ocrx_word' id='word_1_22' title='bbox 259 615 483 693; x_wconf 81' lang='lat' dir='ltr'>carbunculus,</span> <span class='ocrx_word' id='word_1_23' title='bbox 506 637 588 698; x_wconf 89' lang='lat' dir='ltr'>quae</span> <span class='ocrx_word' id='word_1_24' title='bbox 605 626 689 680; x_wconf 87' lang='lat' dir='ltr'>terra</span> <span class='ocrx_word' id='word_1_25' title='bbox 703 616 746 680; x_wconf 87' lang='lat' dir='ltr'>ita</span> <span class='ocrx_word' id='word_1_26' title='bbox 769 626 912 693; x_wconf 87' lang='lat' dir='ltr'>vocatur,</span> <span class='ocrx_word' id='word_1_27' title='bbox 936 615 1099 680; x_wconf 84' lang='lat' dir='ltr'>emendari</span> <span class='ocrx_word' id='word_1_28' title='bbox 1122 615 1186 680; x_wconf 92' lang='lat' dir='ltr'>vite</span> <span class='ocrx_word' id='word_1_29' title='bbox 1208 638 1318 681; x_wconf 88' lang='lat' dir='ltr'>macra</span> <span class='ocrx_word' id='word_1_30' title='bbox 1331 640 1363 684; x_wconf 77' lang='lat' dir='ltr'>aa</span> 
     </span>
     <span class='ocr_line' id='line_1_5' title="bbox 195 716 1317 802; baseline 0 -20"><span class='ocrx_word' id='word_1_31' title='bbox 195 718 340 795; x_wconf 84' lang='lat' dir='ltr'>videtur3</span> <span class='ocrx_word' id='word_1_32' title='bbox 368 740 442 781; x_wconf 90' lang='lat' dir='ltr'>nam</span> <span class='ocrx_word' id='word_1_33' title='bbox 471 717 557 782; x_wconf 87' lang='lat' dir='ltr'>tofus</span> <span class='ocrx_word' id='word_1_34' title='bbox 584 717 695 782; x_wconf 80' lang='lat' dir='ltr'>scaber</span> <span class='ocrx_word' id='word_1_35' title='bbox 723 739 760 781; x_wconf 87' lang='lat' dir='ltr'>ac</span> <span class='ocrx_word' id='word_1_36' title='bbox 786 716 921 782; x_wconf 79' lang='lat' dir='ltr'>friabilis</span> <span class='ocrx_word' id='word_1_37' title='bbox 943 716 1103 802; x_wconf 90' lang='lat' dir='ltr'>expetitur</span> <span class='ocrx_word' id='word_1_38' title='bbox 1124 738 1253 801; x_wconf 91' lang='lat' dir='ltr'>quoque</span> <span class='ocrx_word' id='word_1_39' title='bbox 1275 717 1317 783; x_wconf 92' lang='lat' dir='ltr'>ab</span> 
     </span>
     <span class='ocr_line' id='line_1_6' title="bbox 195 817 1319 906; baseline 0 -23"><span class='ocrx_word' id='word_1_40' title='bbox 195 818 389 884; x_wconf 90' lang='lat' dir='ltr'>auctoribus.</span> <span class='ocrx_word' id='word_1_41' title='bbox 412 817 579 906; x_wconf 88' lang='lat' dir='ltr'>Vergilius</span> <span class='ocrx_word' id='word_1_42' title='bbox 601 830 632 882; x_wconf 92' lang='lat' dir='ltr'>et</span> <span class='ocrx_word' id='word_1_43' title='bbox 654 841 736 902; x_wconf 90' lang='lat' dir='ltr'>quae</span> <span class='ocrx_word' id='word_1_44' title='bbox 758 818 886 883; x_wconf 82' lang='lat' dir='ltr'>felicem</span> <span class='ocrx_word' id='word_1_45' title='bbox 907 820 987 883; x_wconf 88' lang='lat' dir='ltr'>ferat</span> <span class='ocrx_word' id='word_1_46' title='bbox 1008 841 1072 882; x_wconf 91' lang='lat' dir='ltr'>non</span> <span class='ocrx_word' id='word_1_47' title='bbox 1094 817 1245 903; x_wconf 81' lang='lat' dir='ltr'>inprobat</span> <span class='ocrx_word' id='word_1_48' title='bbox 1266 818 1319 883; x_wconf 51' lang='lat' dir='ltr'>vi*</span> 
     </span>
     <span class='ocr_line' id='line_1_7' title="bbox 196 919 1315 1005; baseline 0.003 -22"><span class='ocrx_word' id='word_1_49' title='bbox 196 919 298 996; x_wconf 83' lang='lat' dir='ltr'>tibus3</span> <span class='ocrx_word' id='word_1_50' title='bbox 324 921 490 1005; x_wconf 85' lang='lat' dir='ltr'>salsaeque</span> <span class='ocrx_word' id='word_1_51' title='bbox 512 930 616 985; x_wconf 90' lang='lat' dir='ltr'>terrae</span> <span class='ocrx_word' id='word_1_52' title='bbox 638 920 738 984; x_wconf 90' lang='lat' dir='ltr'>multa</span> <span class='ocrx_word' id='word_1_53' title='bbox 760 921 873 985; x_wconf 87' lang='lat' dir='ltr'>melius</span> <span class='ocrx_word' id='word_1_54' title='bbox 897 920 1071 985; x_wconf 90' lang='lat' dir='ltr'>creduntur</span> <span class='ocrx_word' id='word_1_55' title='bbox 1093 919 1210 983; x_wconf 82' lang='lat' dir='ltr'>tutiora</span> <span class='ocrx_word' id='word_1_56' title='bbox 1231 919 1315 986; x_wconf 85' lang='lat' dir='ltr'>avi·</span> 
     </span>
     <span class='ocr_line' id='line_1_8' title="bbox 194 1019 1317 1106; baseline 0 -21"><span class='ocrx_word' id='word_1_57' title='bbox 194 1021 246 1086; x_wconf 89' lang='lat' dir='ltr'>tiis</span> <span class='ocrx_word' id='word_1_58' title='bbox 274 1022 504 1086; x_wconf 82' lang='lat' dir='ltr'>innascentium</span> <span class='ocrx_word' id='word_1_59' title='bbox 525 1021 718 1085; x_wconf 89' lang='lat' dir='ltr'>animalium.</span> <span class='ocrx_word' id='word_1_60' title='bbox 751 1019 821 1085; x_wconf 90' lang='lat' dir='ltr'>Nec</span> <span class='ocrx_word' id='word_1_61' title='bbox 849 1021 944 1087; x_wconf 87' lang='lat' dir='ltr'>colles</span> <span class='ocrx_word' id='word_1_62' title='bbox 966 1042 1063 1106; x_wconf 90' lang='lat' dir='ltr'>opere</span> <span class='ocrx_word' id='word_1_63' title='bbox 1085 1021 1259 1099; x_wconf 88' lang='lat' dir='ltr'>nudantur,</span> <span class='ocrx_word' id='word_1_64' title='bbox 1288 1022 1317 1087; x_wconf 89' lang='lat' dir='ltr'>si</span> 
     </span>
     <span class='ocr_line' id='line_1_9' title="bbox 193 1122 1316 1207; baseline 0.001 -22"><span class='ocrx_word' id='word_1_65' title='bbox 193 1122 266 1207; x_wconf 91' lang='lat' dir='ltr'>quis</span> <span class='ocrx_word' id='word_1_66' title='bbox 288 1122 390 1206; x_wconf 90' lang='lat' dir='ltr'>perite</span> <span class='ocrx_word' id='word_1_67' title='bbox 413 1122 515 1186; x_wconf 90' lang='lat' dir='ltr'>fodiat</span> <span class='ocrx_word' id='word_1_68' title='bbox 522 1146 532 1198; x_wconf 92' lang='lat'>;</span> <span class='ocrx_word' id='word_1_69' title='bbox 554 1145 613 1187; x_wconf 91' lang='lat' dir='ltr'>nec</span> <span class='ocrx_word' id='word_1_70' title='bbox 635 1122 740 1207; x_wconf 87' lang='lat' dir='ltr'>campi</span> <span class='ocrx_word' id='word_1_71' title='bbox 762 1144 872 1187; x_wconf 87' lang='lat' dir='ltr'>omnes</span> <span class='ocrx_word' id='word_1_72' title='bbox 894 1122 1000 1186; x_wconf 91' lang='lat' dir='ltr'>minus</span> <span class='ocrx_word' id='word_1_73' title='bbox 1023 1122 1105 1186; x_wconf 89' lang='lat' dir='ltr'>soles</span> <span class='ocrx_word' id='word_1_74' title='bbox 1120 1133 1218 1205; x_wconf 86' lang='lat' dir='ltr'>atque</span> <span class='ocrx_word' id='word_1_75' title='bbox 1239 1143 1316 1206; x_wconf 89' lang='lat' dir='ltr'>per-</span> 
     </span>
     <span class='ocr_line' id='line_1_10' title="bbox 192 1222 1315 1310; baseline 0.002 -23"><span class='ocrx_word' id='word_1_76' title='bbox 192 1222 288 1289; x_wconf 89' lang='lat' dir='ltr'>flatus</span> <span class='ocrx_word' id='word_1_77' title='bbox 311 1245 407 1307; x_wconf 89' lang='lat' dir='ltr'>quam</span> <span class='ocrx_word' id='word_1_78' title='bbox 429 1247 511 1310; x_wconf 90' lang='lat' dir='ltr'>opus</span> <span class='ocrx_word' id='word_1_79' title='bbox 534 1224 576 1288; x_wconf 90' lang='lat' dir='ltr'>sit</span> <span class='ocrx_word' id='word_1_80' title='bbox 597 1223 772 1309; x_wconf 89' lang='lat' dir='ltr'>accipiunt;</span> <span class='ocrx_word' id='word_1_81' title='bbox 807 1236 839 1289; x_wconf 89' lang='lat' dir='ltr'>et</span> <span class='ocrx_word' id='word_1_82' title='bbox 867 1223 1023 1308; x_wconf 86' lang='lat' dir='ltr'>quasdam</span> <span class='ocrx_word' id='word_1_83' title='bbox 1050 1223 1174 1309; x_wconf 91' lang='lat' dir='ltr'>pruinis</span> <span class='ocrx_word' id='word_1_84' title='bbox 1197 1246 1234 1286; x_wconf 87' lang='lat' dir='ltr'>ac</span> <span class='ocrx_word' id='word_1_85' title='bbox 1256 1246 1315 1289; x_wconf 87' lang='lat' dir='ltr'>ne·</span> 
     </span>
     <span class='ocr_line' id='line_1_11' title="bbox 193 1323 1316 1409; baseline -0.001 -20"><span class='ocrx_word' id='word_1_86' title='bbox 193 1324 277 1389; x_wconf 89' lang='lat' dir='ltr'>bulis</span> <span class='ocrx_word' id='word_1_87' title='bbox 299 1326 387 1409; x_wconf 89' lang='lat' dir='ltr'>pasci</span> <span class='ocrx_word' id='word_1_88' title='bbox 410 1325 550 1390; x_wconf 86' lang='lat' dir='ltr'>diximus</span> <span class='ocrx_word' id='word_1_89' title='bbox 572 1324 656 1389; x_wconf 82' lang='lat' dir='ltr'>vitis.</span> <span class='ocrx_word' id='word_1_90' title='bbox 691 1323 845 1390; x_wconf 89' lang='lat' dir='ltr'>Omnium</span> <span class='ocrx_word' id='word_1_91' title='bbox 867 1347 974 1389; x_wconf 84' lang='lat' dir='ltr'>rerum</span> <span class='ocrx_word' id='word_1_92' title='bbox 1002 1336 1077 1388; x_wconf 91' lang='lat' dir='ltr'>sunt</span> <span class='ocrx_word' id='word_1_93' title='bbox 1102 1324 1260 1407; x_wconf 87' lang='lat' dir='ltr'>quaedam</span> <span class='ocrx_word' id='word_1_94' title='bbox 1281 1324 1316 1388; x_wconf 92' lang='lat' dir='ltr'>in</span> 
     </span>
     <span class='ocr_line' id='line_1_12' title="bbox 194 1423 1360 1512; baseline 0 -22"><span class='ocrx_word' id='word_1_95' title='bbox 194 1426 258 1490; x_wconf 84' lang='lat' dir='ltr'>alto</span> <span class='ocrx_word' id='word_1_96' title='bbox 281 1438 405 1492; x_wconf 88' lang='lat' dir='ltr'>secreta</span> <span class='ocrx_word' id='word_1_97' title='bbox 426 1438 458 1490; x_wconf 93' lang='lat' dir='ltr'>et</span> <span class='ocrx_word' id='word_1_98' title='bbox 480 1450 538 1491; x_wconf 90' lang='lat' dir='ltr'>suo</span> <span class='ocrx_word' id='word_1_99' title='bbox 560 1426 677 1509; x_wconf 92' lang='lat' dir='ltr'>cuique</span> <span class='ocrx_word' id='word_1_100' title='bbox 692 1427 788 1492; x_wconf 91' lang='lat' dir='ltr'>corde</span> <span class='ocrx_word' id='word_1_101' title='bbox 803 1427 1009 1512; x_wconf 76' lang='lat' dir='ltr'>pervidenda.</span> <span class='ocrx_word' id='word_1_102' title='bbox 1033 1423 1123 1506; x_wconf 84' lang='lat' dir='ltr'>Quid</span> <span class='ocrx_word' id='word_1_103' title='bbox 1141 1426 1228 1509; x_wconf 92' lang='lat' dir='ltr'>quod</span> <span class='ocrx_word' id='word_1_104' title='bbox 1241 1448 1314 1490; x_wconf 91' lang='lat' dir='ltr'>mu·</span> <span class='ocrx_word' id='word_1_105' title='bbox 1328 1447 1360 1490; x_wconf 83' lang='lat' dir='ltr'>so</span> 
     </span>
     <span class='ocr_line' id='line_1_13' title="bbox 194 1526 1316 1613; baseline 0 -23"><span class='ocrx_word' id='word_1_106' title='bbox 194 1537 302 1591; x_wconf 86' lang='lat' dir='ltr'>tantur</span> <span class='ocrx_word' id='word_1_107' title='bbox 324 1549 420 1613; x_wconf 90' lang='lat' dir='ltr'>saepe</span> <span class='ocrx_word' id='word_1_108' title='bbox 442 1527 583 1592; x_wconf 89' lang='lat' dir='ltr'>iudicata</span> <span class='ocrx_word' id='word_1_109' title='bbox 604 1549 732 1611; x_wconf 92' lang='lat' dir='ltr'>quoque</span> <span class='ocrx_word' id='word_1_110' title='bbox 755 1538 788 1592; x_wconf 91' lang='lat' dir='ltr'>et</span> <span class='ocrx_word' id='word_1_111' title='bbox 811 1528 867 1593; x_wconf 89' lang='lat' dir='ltr'>diu</span> <span class='ocrx_word' id='word_1_112' title='bbox 889 1529 1061 1610; x_wconf 83' lang='lat' dir='ltr'>conperta?</span> <span class='ocrx_word' id='word_1_113' title='bbox 1088 1526 1127 1590; x_wconf 93' lang='lat' dir='ltr'>In</span> <span class='ocrx_word' id='word_1_114' title='bbox 1148 1526 1316 1591; x_wconf 83' lang='lat' dir='ltr'>Thessalia</span> 
     </span>
     <span class='ocr_line' id='line_1_14' title="bbox 194 1628 1314 1716; baseline 0 -24"><span class='ocrx_word' id='word_1_115' title='bbox 194 1628 278 1694; x_wconf 89' lang='lat' dir='ltr'>circa</span> <span class='ocrx_word' id='word_1_116' title='bbox 301 1628 449 1695; x_wconf 87' lang='lat' dir='ltr'>Larisam</span> <span class='ocrx_word' id='word_1_117' title='bbox 472 1629 588 1694; x_wconf 89' lang='lat' dir='ltr'>emisso</span> <span class='ocrx_word' id='word_1_118' title='bbox 609 1628 682 1693; x_wconf 91' lang='lat' dir='ltr'>lacu</span> <span class='ocrx_word' id='word_1_119' title='bbox 703 1629 849 1716; x_wconf 85' lang='lat' dir='ltr'>frigidior</span> <span class='ocrx_word' id='word_1_120' title='bbox 870 1630 955 1693; x_wconf 88' lang='lat' dir='ltr'>facta</span> <span class='ocrx_word' id='word_1_121' title='bbox 977 1651 1014 1694; x_wconf 87' lang='lat' dir='ltr'>ea</span> <span class='ocrx_word' id='word_1_122' title='bbox 1034 1629 1125 1714; x_wconf 88' lang='lat' dir='ltr'>regio</span> <span class='ocrx_word' id='word_1_123' title='bbox 1144 1639 1194 1693; x_wconf 88' lang='lat' dir='ltr'>est</span> <span class='ocrx_word' id='word_1_124' title='bbox 1207 1629 1314 1692; x_wconf 86' lang='lat' dir='ltr'>oleae-</span> 
     </span>
     <span class='ocr_line' id='line_1_15' title="bbox 195 1727 1315 1814; baseline -0.002 -19"><span class='ocrx_word' id='word_1_125' title='bbox 195 1752 258 1814; x_wconf 91' lang='lat' dir='ltr'>que</span> <span class='ocrx_word' id='word_1_126' title='bbox 280 1730 446 1795; x_wconf 88' lang='lat' dir='ltr'>desierunt</span> <span class='ocrx_word' id='word_1_127' title='bbox 467 1751 550 1812; x_wconf 91' lang='lat' dir='ltr'>quae</span> <span class='ocrx_word' id='word_1_128' title='bbox 572 1729 663 1813; x_wconf 90' lang='lat' dir='ltr'>prius</span> <span class='ocrx_word' id='word_1_129' title='bbox 678 1729 820 1807; x_wconf 84' lang='lat' dir='ltr'>fuerant3</span> <span class='ocrx_word' id='word_1_130' title='bbox 843 1731 920 1794; x_wconf 93' lang='lat' dir='ltr'>item</span> <span class='ocrx_word' id='word_1_131' title='bbox 934 1729 1009 1795; x_wconf 86' lang='lat' dir='ltr'>vitis</span> <span class='ocrx_word' id='word_1_132' title='bbox 1024 1729 1128 1806; x_wconf 89' lang='lat' dir='ltr'>aduri,</span> <span class='ocrx_word' id='word_1_133' title='bbox 1149 1727 1236 1813; x_wconf 92' lang='lat' dir='ltr'>quod</span> <span class='ocrx_word' id='word_1_134' title='bbox 1250 1751 1315 1793; x_wconf 92' lang='lat' dir='ltr'>non</span> 
     </span>
     <span class='ocr_line' id='line_1_16' title="bbox 195 1829 1314 1916; baseline 0 -21"><span class='ocrx_word' id='word_1_135' title='bbox 195 1841 298 1909; x_wconf 90' lang='lat' dir='ltr'>antea,</span> <span class='ocrx_word' id='word_1_136' title='bbox 321 1831 431 1895; x_wconf 87' lang='lat' dir='ltr'>Aenos</span> <span class='ocrx_word' id='word_1_137' title='bbox 454 1831 556 1895; x_wconf 90' lang='lat' dir='ltr'>sensit</span> <span class='ocrx_word' id='word_1_138' title='bbox 577 1830 708 1895; x_wconf 92' lang='lat' dir='ltr'>admoto</span> <span class='ocrx_word' id='word_1_139' title='bbox 729 1829 861 1907; x_wconf 91' lang='lat' dir='ltr'>Hebro;</span> <span class='ocrx_word' id='word_1_140' title='bbox 897 1843 929 1896; x_wconf 89' lang='lat' dir='ltr'>et</span> <span class='ocrx_word' id='word_1_141' title='bbox 951 1832 1035 1895; x_wconf 89' lang='lat' dir='ltr'>circa</span> <span class='ocrx_word' id='word_1_142' title='bbox 1056 1830 1222 1916; x_wconf 89' lang='lat' dir='ltr'>Philippos</span> <span class='ocrx_word' id='word_1_143' title='bbox 1245 1831 1314 1895; x_wconf 91' lang='lat' dir='ltr'>cul·</span> 
     </span>
     <span class='ocr_line' id='line_1_17' title="bbox 196 1929 1316 2020; baseline 0 -24"><span class='ocrx_word' id='word_1_144' title='bbox 196 1944 269 1996; x_wconf 87' lang='lat' dir='ltr'>tura</span> <span class='ocrx_word' id='word_1_145' title='bbox 292 1933 411 1998; x_wconf 88' lang='lat' dir='ltr'>siccata</span> <span class='ocrx_word' id='word_1_146' title='bbox 432 1933 522 2020; x_wconf 92' lang='lat' dir='ltr'>regio</span> <span class='ocrx_word' id='word_1_147' title='bbox 544 1932 679 1996; x_wconf 89' lang='lat' dir='ltr'>mutavit</span> <span class='ocrx_word' id='word_1_148' title='bbox 701 1932 780 1996; x_wconf 88' lang='lat' dir='ltr'>caeli</span> <span class='ocrx_word' id='word_1_149' title='bbox 801 1931 956 1996; x_wconf 85' lang='lat' dir='ltr'>habitum.</span> <span class='ocrx_word' id='word_1_150' title='bbox 984 1932 1032 1996; x_wconf 89' lang='lat' dir='ltr'>At</span> <span class='ocrx_word' id='word_1_151' title='bbox 1052 1932 1087 1996; x_wconf 93' lang='lat' dir='ltr'>in</span> <span class='ocrx_word' id='word_1_152' title='bbox 1110 1929 1316 2016; x_wconf 85' lang='lat' dir='ltr'>Syracusano</span> 
     </span>
     <span class='ocr_line' id='line_1_18' title="bbox 196 2033 1316 2121; baseline 0.001 -24"><span class='ocrx_word' id='word_1_153' title='bbox 196 2055 274 2119; x_wconf 85' lang='lat' dir='ltr'>agro</span> <span class='ocrx_word' id='word_1_154' title='bbox 296 2034 421 2098; x_wconf 86' lang='lat' dir='ltr'>advena</span> <span class='ocrx_word' id='word_1_155' title='bbox 443 2035 546 2099; x_wconf 90' lang='lat' dir='ltr'>cultor</span> <span class='ocrx_word' id='word_1_156' title='bbox 567 2033 727 2118; x_wconf 86' lang='lat' dir='ltr'>elapidato</span> <span class='ocrx_word' id='word_1_157' title='bbox 750 2035 817 2098; x_wconf 93' lang='lat' dir='ltr'>solo</span> <span class='ocrx_word' id='word_1_158' title='bbox 839 2034 979 2121; x_wconf 88' lang='lat' dir='ltr'>perdidit</span> <span class='ocrx_word' id='word_1_159' title='bbox 994 2034 1099 2120; x_wconf 83' lang='lat' dir='ltr'>frugis</span> <span class='ocrx_word' id='word_1_160' title='bbox 1112 2035 1191 2109; x_wconf 88' lang='lat' dir='ltr'>luto,</span> <span class='ocrx_word' id='word_1_161' title='bbox 1215 2033 1316 2098; x_wconf 91' lang='lat' dir='ltr'>donec</span> 
     </span>
     <span class='ocr_line' id='line_1_19' title="bbox 195 2131 1316 2221; baseline 0 -24"><span class='ocrx_word' id='word_1_162' title='bbox 195 2134 332 2219; x_wconf 85' lang='lat' dir='ltr'>regessit</span> <span class='ocrx_word' id='word_1_163' title='bbox 360 2135 500 2221; x_wconf 66' lang='lat' dir='ltr'>lapidem</span> <span class='ocrx_word' id='word_1_164' title='bbox 533 2134 568 2198; x_wconf 91' lang='lat' dir='ltr'>in</span> <span class='ocrx_word' id='word_1_165' title='bbox 592 2131 687 2218; x_wconf 84' lang='lat' dir='ltr'>Syria</span> <span class='ocrx_word' id='word_1_166' title='bbox 714 2134 818 2201; x_wconf 87' lang='lat' dir='ltr'>levem</span> <span class='ocrx_word' id='word_1_167' title='bbox 840 2135 927 2199; x_wconf 88' lang='lat' dir='ltr'>tenui</span> <span class='ocrx_word' id='word_1_168' title='bbox 951 2137 1038 2200; x_wconf 90' lang='lat' dir='ltr'>sulco</span> <span class='ocrx_word' id='word_1_169' title='bbox 1059 2134 1236 2221; x_wconf 90' lang='lat' dir='ltr'>inprimunt</span> <span class='ocrx_word' id='word_1_170' title='bbox 1257 2155 1316 2198; x_wconf 86' lang='lat' dir='ltr'>vo·</span> 
     </span>
     <span class='ocr_line' id='line_1_20' title="bbox 196 2234 1360 2319; baseline 0 -20"><span class='ocrx_word' id='word_1_171' title='bbox 196 2258 325 2313; x_wconf 88' lang='lat' dir='ltr'>merem,</span> <span class='ocrx_word' id='word_1_172' title='bbox 353 2236 429 2319; x_wconf 80' lang='lat' dir='ltr'>quia</span> <span class='ocrx_word' id='word_1_173' title='bbox 451 2235 561 2300; x_wconf 92' lang='lat' dir='ltr'>subest</span> <span class='ocrx_word' id='word_1_174' title='bbox 583 2257 696 2300; x_wconf 85' lang='lat' dir='ltr'>saxum</span> <span class='ocrx_word' id='word_1_175' title='bbox 720 2258 857 2301; x_wconf 91' lang='lat' dir='ltr'>exurens</span> <span class='ocrx_word' id='word_1_176' title='bbox 879 2247 1001 2301; x_wconf 88' lang='lat' dir='ltr'>aestate</span> <span class='ocrx_word' id='word_1_177' title='bbox 1025 2237 1155 2300; x_wconf 89' lang='lat' dir='ltr'>semina.</span> <span class='ocrx_word' id='word_1_178' title='bbox 1191 2234 1260 2299; x_wconf 90' lang='lat' dir='ltr'>Iam</span> <span class='ocrx_word' id='word_1_179' title='bbox 1281 2234 1316 2297; x_wconf 92' lang='lat' dir='ltr'>in</span> <span class='ocrx_word' id='word_1_180' title='bbox 1329 2256 1360 2299; x_wconf 84' lang='lat' dir='ltr'>ar</span> 
     </span>
     <span class='ocr_line' id='line_1_21' title="bbox 195 2334 1314 2424; baseline 0 -24"><span class='ocrx_word' id='word_1_181' title='bbox 195 2334 388 2419; x_wconf 86' lang='lat' dir='ltr'>quibusdam</span> <span class='ocrx_word' id='word_1_182' title='bbox 409 2337 488 2403; x_wconf 92' lang='lat' dir='ltr'>locis</span> <span class='ocrx_word' id='word_1_183' title='bbox 511 2337 622 2402; x_wconf 92' lang='lat' dir='ltr'>similis</span> <span class='ocrx_word' id='word_1_184' title='bbox 644 2347 751 2403; x_wconf 90' lang='lat' dir='ltr'>aestus</span> <span class='ocrx_word' id='word_1_185' title='bbox 772 2338 923 2403; x_wconf 89' lang='lat' dir='ltr'>inmodici</span> <span class='ocrx_word' id='word_1_186' title='bbox 945 2349 976 2402; x_wconf 92' lang='lat' dir='ltr'>et</span> <span class='ocrx_word' id='word_1_187' title='bbox 998 2337 1155 2424; x_wconf 88' lang='lat' dir='ltr'>frigorum</span> <span class='ocrx_word' id='word_1_188' title='bbox 1170 2337 1314 2401; x_wconf 86' lang='lat' dir='ltr'>effectus.</span> 
     </span>
     <span class='ocr_line' id='line_1_22' title="bbox 196 2435 1315 2525; baseline 0.002 -27"><span class='ocrx_word' id='word_1_189' title='bbox 196 2435 260 2501; x_wconf 84' lang='lat' dir='ltr'>Est</span> <span class='ocrx_word' id='word_1_190' title='bbox 287 2437 400 2503; x_wconf 87' lang='lat' dir='ltr'>fertilis</span> <span class='ocrx_word' id='word_1_191' title='bbox 422 2437 561 2503; x_wconf 85' lang='lat' dir='ltr'>Thracia</span> <span class='ocrx_word' id='word_1_192' title='bbox 590 2438 724 2525; x_wconf 88' lang='lat' dir='ltr'>frugum</span> <span class='ocrx_word' id='word_1_193' title='bbox 745 2439 863 2525; x_wconf 88' lang='lat' dir='ltr'>rigore,</span> <span class='ocrx_word' id='word_1_194' title='bbox 891 2439 1033 2504; x_wconf 90' lang='lat' dir='ltr'>aestibus</span> <span class='ocrx_word' id='word_1_195' title='bbox 1054 2439 1170 2525; x_wconf 84' lang='lat' dir='ltr'>Africa</span> <span class='ocrx_word' id='word_1_196' title='bbox 1192 2449 1224 2502; x_wconf 90' lang='lat' dir='ltr'>et</span> <span class='ocrx_word' id='word_1_197' title='bbox 1246 2437 1315 2501; x_wconf 88' lang='lat' dir='ltr'>Ae·</span> 
     </span>
     <span class='ocr_line' id='line_1_23' title="bbox 196 2536 1316 2625; baseline 0 -23"><span class='ocrx_word' id='word_1_198' title='bbox 196 2549 327 2625; x_wconf 86' lang='lat' dir='ltr'>gyptus.</span> <span class='ocrx_word' id='word_1_199' title='bbox 361 2538 402 2603; x_wconf 92' lang='lat' dir='ltr'>In</span> <span class='ocrx_word' id='word_1_200' title='bbox 425 2536 559 2605; x_wconf 82' lang='lat' dir='ltr'>Chalcia</span> <span class='ocrx_word' id='word_1_201' title='bbox 579 2538 780 2605; x_wconf 83' lang='lat' dir='ltr'>Rhodiorum</span> <span class='ocrx_word' id='word_1_202' title='bbox 807 2539 913 2605; x_wconf 85' lang='lat' dir='ltr'>insula</span> <span class='ocrx_word' id='word_1_203' title='bbox 937 2541 1032 2605; x_wconf 85' lang='lat' dir='ltr'>locus</span> <span class='ocrx_word' id='word_1_204' title='bbox 1045 2538 1185 2625; x_wconf 85' lang='lat' dir='ltr'>‘quidam</span> <span class='ocrx_word' id='word_1_205' title='bbox 1212 2538 1316 2604; x_wconf 87' lang='lat' dir='ltr'>estin</span> 
     </span>
    </p>
   </div>
   <div class='ocr_carea' id='block_1_3' title="bbox 196 2746 1398 4295">
    <p class='ocr_par' dir='ltr' id='par_1_3' title="bbox 196 2746 1398 3213">
     <span class='ocr_line' id='line_1_24' title="bbox 196 2746 1317 2812; baseline -0.001 -16"><span class='ocrx_word' id='word_1_206' title='bbox 196 2749 223 2796; x_wconf 88' lang='lat' dir='ltr'>h.</span> <span class='ocrx_word' id='word_1_207' title='bbox 235 2748 253 2796; x_wconf 93' lang='lat' dir='ltr'>l.</span> <span class='ocrx_word' id='word_1_208' title='bbox 265 2756 290 2797; x_wconf 91' lang='lat' dir='ltr'>et</span> <span class='ocrx_word' id='word_1_209' title='bbox 302 2755 325 2808; x_wconf 81' lang='grc'>3,</span> <span class='ocrx_word' id='word_1_210' title='bbox 338 2754 378 2798; x_wconf 87' lang='grc'>60.</span> <span class='ocrx_word' id='word_1_211' title='bbox 398 2753 438 2808; x_wconf 96' lang='grc'>18,</span> <span class='ocrx_word' id='word_1_212' title='bbox 453 2753 509 2798; x_wconf 87' lang='grc'><strong>111.</strong></span> <span class='ocrx_word' id='word_1_213' title='bbox 522 2748 623 2797; x_wconf 89' lang='lat' dir='ltr'>codices</span> <span class='ocrx_word' id='word_1_214' title='bbox 634 2748 661 2796; x_wconf 91' lang='lat' dir='ltr'>in</span> <span class='ocrx_word' id='word_1_215' title='bbox 670 2748 793 2812; x_wconf 84' lang='lat' dir='ltr'>scriptura</span> <span class='ocrx_word' id='word_1_216' title='bbox 800 2747 888 2797; x_wconf 88' lang='lat' dir='ltr'>Lebcr.</span> <span class='ocrx_word' id='word_1_217' title='bbox 897 2762 979 2811; x_wconf 86' lang='lat' dir='ltr'>noque</span> <span class='ocrx_word' id='word_1_218' title='bbox 987 2746 1079 2796; x_wconf 82' lang='lat' dir='ltr'>Labor.</span> <span class='ocrx_word' id='word_1_219' title='bbox 1088 2748 1255 2805; x_wconf 86' lang='lat' dir='ltr'>consentiant,</span> <span class='ocrx_word' id='word_1_220' title='bbox 1268 2748 1317 2796; x_wconf 81' lang='lat' dir='ltr'>nisi</span> 
     </span>
     <span class='ocr_line' id='line_1_25' title="bbox 197 2813 1316 2878; baseline 0 -15"><span class='ocrx_word' id='word_1_221' title='bbox 197 2817 265 2878; x_wconf 92' lang='lat' dir='ltr'>qnod</span> <span class='ocrx_word' id='word_1_222' title='bbox 281 2822 319 2874; x_wconf 85' lang='lat'>18,</span> <span class='ocrx_word' id='word_1_223' title='bbox 334 2822 398 2874; x_wconf 79' lang='lat'>111,</span> <span class='ocrx_word' id='word_1_224' title='bbox 411 2816 455 2864; x_wconf 93' lang='lat' dir='ltr'>ubi</span> <span class='ocrx_word' id='word_1_225' title='bbox 466 2815 505 2864; x_wconf 88' lang='lat' dir='ltr'>bis</span> <span class='ocrx_word' id='word_1_226' title='bbox 516 2813 641 2863; x_wconf 79' lang='lat' dir='ltr'>Leboriae</span> <span class='ocrx_word' id='word_1_227' title='bbox 653 2823 893 2874; x_wconf 87' lang='lat' dir='ltr'>commemorantur,</span> <span class='ocrx_word' id='word_1_228' title='bbox 911 2818 994 2865; x_wconf 87' lang='lat' dir='ltr'>codex</span> <span class='ocrx_word' id='word_1_229' title='bbox 1011 2831 1026 2863; x_wconf 84' lang='lat' dir='ltr'>a</span> <span class='ocrx_word' id='word_1_230' title='bbox 1038 2815 1116 2862; x_wconf 91' lang='lat' dir='ltr'>semel</span> <span class='ocrx_word' id='word_1_231' title='bbox 1129 2816 1195 2862; x_wconf 87' lang='lat' dir='ltr'>hanc</span> <span class='ocrx_word' id='word_1_232' title='bbox 1207 2816 1316 2876; x_wconf 90' lang='lat' dir='ltr'>scriptu-</span> 
     </span>
     <span class='ocr_line' id='line_1_26' title="bbox 196 2882 1398 2947; baseline -0.002 -16"><span class='ocrx_word' id='word_1_233' title='bbox 196 2898 250 2931; x_wconf 89' lang='lat' dir='ltr'>ram</span> <span class='ocrx_word' id='word_1_234' title='bbox 262 2883 360 2942; x_wconf 86' lang='lat' dir='ltr'>retinet,</span> <span class='ocrx_word' id='word_1_235' title='bbox 371 2884 465 2944; x_wconf 84' lang='lat' dir='ltr'>ubique</span> <span class='ocrx_word' id='word_1_236' title='bbox 477 2883 593 2932; x_wconf 88' lang='lat' dir='ltr'>codicum</span> <span class='ocrx_word' id='word_1_237' title='bbox 605 2884 755 2946; x_wconf 88' lang='lat' dir='ltr'>scripturam</span> <span class='ocrx_word' id='word_1_238' title='bbox 766 2883 936 2947; x_wconf 86' lang='lat' dir='ltr'>recipiendam</span> <span class='ocrx_word' id='word_1_239' title='bbox 948 2896 1046 2931; x_wconf 85' lang='lat' dir='ltr'>censeo.</span> <span class='ocrx_word' id='word_1_240' title='bbox 1073 2882 1214 2944; x_wconf 75' lang='lat' dir='ltr'>vulgatam</span> <span class='ocrx_word' id='word_1_241' title='bbox 1230 2887 1316 2929; x_wconf 83' lang='lat' dir='ltr'>tamen</span> <span class='ocrx_word' id='word_1_242' title='bbox 1391 2892 1398 2907; x_wconf 68' lang='lat'>.</span> 
     </span>
     <span class='ocr_line' id='line_1_27' title="bbox 196 2949 1315 3012; baseline -0.003 -12"><span class='ocrx_word' id='word_1_243' title='bbox 196 2952 347 3012; x_wconf 85' lang='lat' dir='ltr'>scripturam</span> <span class='ocrx_word' id='word_1_244' title='bbox 358 2960 456 3000; x_wconf 85' lang='lat' dir='ltr'>mutare</span> <span class='ocrx_word' id='word_1_245' title='bbox 468 2965 521 2998; x_wconf 93' lang='lat' dir='ltr'>non</span> <span class='ocrx_word' id='word_1_246' title='bbox 536 2966 592 2999; x_wconf 91' lang='lat' dir='ltr'>snm</span> <span class='ocrx_word' id='word_1_247' title='bbox 604 2965 689 3010; x_wconf 81' lang='lat' dir='ltr'>ausus,</span> <span class='ocrx_word' id='word_1_248' title='bbox 702 2960 730 3000; x_wconf 85' lang='lat' dir='ltr'>ut</span> <span class='ocrx_word' id='word_1_249' title='bbox 742 2965 806 3012; x_wconf 88' lang='lat' dir='ltr'>quae</span> <span class='ocrx_word' id='word_1_250' title='bbox 818 2949 921 2998; x_wconf 86' lang='lat' dir='ltr'>nomine</span> <span class='ocrx_word' id='word_1_251' title='bbox 933 2950 1004 2998; x_wconf 88' lang='lat' dir='ltr'>illius</span> <span class='ocrx_word' id='word_1_252' title='bbox 1015 2956 1096 2997; x_wconf 84' lang='lat' dir='ltr'>terrae</span> <span class='ocrx_word' id='word_1_253' title='bbox 1108 2949 1232 2997; x_wconf 88' lang='lat' dir='ltr'>hodierno</span> <span class='ocrx_word' id='word_1_254' title='bbox 1245 2962 1315 2997; x_wconf 89' lang='lat' dir='ltr'>com-</span> 
     </span>
     <span class='ocr_line' id='line_1_28' title="bbox 196 3014 1316 3082; baseline -0.002 -16"><span class='ocrx_word' id='word_1_255' title='bbox 196 3017 310 3066; x_wconf 88' lang='lat' dir='ltr'>mendari</span> <span class='ocrx_word' id='word_1_256' title='bbox 321 3018 441 3066; x_wconf 88' lang='lat' dir='ltr'>videatur.</span> <span class='ocrx_word' id='word_1_257' title='bbox 464 3017 518 3066; x_wconf 85' lang='lat' dir='ltr'>Alii</span> <span class='ocrx_word' id='word_1_258' title='bbox 530 3018 662 3082; x_wconf 88' lang='lat' dir='ltr'>scriptores</span> <span class='ocrx_word' id='word_1_259' title='bbox 675 3019 727 3067; x_wconf 87' lang='lat' dir='ltr'>eius</span> <span class='ocrx_word' id='word_1_260' title='bbox 739 3018 894 3066; x_wconf 88' lang='lat' dir='ltr'>mentionem</span> <span class='ocrx_word' id='word_1_261' title='bbox 906 3030 960 3065; x_wconf 91' lang='lat' dir='ltr'>non</span> <span class='ocrx_word' id='word_1_262' title='bbox 972 3015 1076 3065; x_wconf 85' lang='lat' dir='ltr'>faciunt.</span> <span class='ocrx_word' id='word_1_263' title='bbox 1100 3056 1131 3064; x_wconf 80' lang='grc'><strong>-</strong></span> <span class='ocrx_word' id='word_1_264' title='bbox 1159 3014 1228 3076; x_wconf 84' lang='lat' dir='ltr'>idem,</span> <span class='ocrx_word' id='word_1_265' title='bbox 1241 3017 1316 3065; x_wconf 87' lang='lat' dir='ltr'>codd.</span> 
     </span>
     <span class='ocr_line' id='line_1_29' title="bbox 197 3081 1316 3148; baseline -0.004 -13"><span class='ocrx_word' id='word_1_266' title='bbox 197 3083 255 3135; x_wconf 78' lang='lat' dir='ltr'>Ger.</span> <span class='ocrx_word' id='word_1_267' title='bbox 274 3081 306 3144; x_wconf 71' lang='lat' dir='ltr'>id,</span> <span class='ocrx_word' id='word_1_268' title='bbox 318 3085 373 3133; x_wconf 87' lang='lat' dir='ltr'>Td.</span> <span class='ocrx_word' id='word_1_269' title='bbox 390 3083 419 3142; x_wconf 78' lang='lat' dir='ltr'>is,</span> <span class='ocrx_word' id='word_1_270' title='bbox 431 3101 454 3134; x_wconf 86' lang='lat' dir='ltr'>a.</span> <span class='ocrx_word' id='word_1_271' title='bbox 472 3126 504 3135; x_wconf 80' lang='lat'>..</span> <span class='ocrx_word' id='word_1_272' title='bbox 523 3082 631 3148; x_wconf 80' lang='lat' dir='ltr'>difficile,</span> <span class='ocrx_word' id='word_1_273' title='bbox 644 3087 717 3134; x_wconf 90' lang='lat' dir='ltr'>codd.</span> <span class='ocrx_word' id='word_1_274' title='bbox 730 3083 786 3136; x_wconf 87' lang='lat' dir='ltr'>Gsl.</span> <span class='ocrx_word' id='word_1_275' title='bbox 805 3081 907 3148; x_wconf 81' lang='lat' dir='ltr'>difficili,</span> <span class='ocrx_word' id='word_1_276' title='bbox 919 3085 963 3132; x_wconf 84' lang='lat' dir='ltr'>ad.</span> <span class='ocrx_word' id='word_1_277' title='bbox 984 3124 1014 3133; x_wconf 92' lang='lat'>..</span> <span class='ocrx_word' id='word_1_278' title='bbox 1034 3083 1120 3146; x_wconf 80' lang='lat' dir='ltr'>pascit.</span> <span class='ocrx_word' id='word_1_279' title='bbox 1137 3081 1238 3146; x_wconf 70' lang='lat' dir='ltr'>Affliqit</span> <span class='ocrx_word' id='word_1_280' title='bbox 1250 3083 1316 3146; x_wconf 74' lang='lat' dir='ltr'>apri·</span> 
     </span>
     <span class='ocr_line' id='line_1_30' title="bbox 197 3149 689 3213; baseline 0 -13"><span class='ocrx_word' id='word_1_281' title='bbox 197 3149 272 3200; x_wconf 81' lang='lat' dir='ltr'>colam</span> <span class='ocrx_word' id='word_1_282' title='bbox 282 3158 304 3198; x_wconf 83' lang='lat' dir='ltr'>et</span> <span class='ocrx_word' id='word_1_283' title='bbox 315 3150 475 3213; x_wconf 81' lang='lat' dir='ltr'>carbunculus,</span> <span class='ocrx_word' id='word_1_284' title='bbox 488 3155 561 3203; x_wconf 90' lang='lat' dir='ltr'>codd.</span> <span class='ocrx_word' id='word_1_285' title='bbox 573 3153 689 3202; x_wconf 87' lang='lat' dir='ltr'>Barbari.</span> 
     </span>
    </p>

    <p class='ocr_par' dir='ltr' id='par_1_4' title="bbox 197 3213 1319 3829">
     <span class='ocr_line' id='line_1_31' title="bbox 232 3213 1317 3283; baseline -0.001 -14"><span class='ocrx_word' id='word_1_286' title='bbox 232 3217 246 3278; x_wconf 83' lang='lat'>§</span> <span class='ocrx_word' id='word_1_287' title='bbox 260 3224 300 3269; x_wconf 80' lang='grc'><strong>29.</strong></span> <span class='ocrx_word' id='word_1_288' title='bbox 328 3235 388 3281; x_wconf 82' lang='lat' dir='ltr'>quoe</span> <span class='ocrx_word' id='word_1_289' title='bbox 401 3226 472 3280; x_wconf 83' lang='lat' dir='ltr'>terra,</span> <span class='ocrx_word' id='word_1_290' title='bbox 484 3220 551 3270; x_wconf 86' lang='lat' dir='ltr'>Tad</span> <span class='ocrx_word' id='word_1_291' title='bbox 563 3218 649 3282; x_wconf 91' lang='lat' dir='ltr'>(codd.</span> <span class='ocrx_word' id='word_1_292' title='bbox 661 3216 788 3281; x_wconf 87' lang='lat' dir='ltr'>Barbari).</span> <span class='ocrx_word' id='word_1_293' title='bbox 802 3227 866 3267; x_wconf 66' lang='lat' dir='ltr'>terra</span> <span class='ocrx_word' id='word_1_294' title='bbox 877 3235 947 3281; x_wconf 80' lang='lat' dir='ltr'>quoe,</span> <span class='ocrx_word' id='word_1_295' title='bbox 957 3219 1030 3268; x_wconf 92' lang='lat' dir='ltr'>codd.</span> <span class='ocrx_word' id='word_1_296' title='bbox 1041 3217 1099 3269; x_wconf 86' lang='lat' dir='ltr'>Gel.</span> <span class='ocrx_word' id='word_1_297' title='bbox 1108 3213 1160 3283; x_wconf 74' lang='grc' dir='ltr'>βγ.</span> <span class='ocrx_word' id='word_1_298' title='bbox 1178 3219 1232 3268; x_wconf 89' lang='lat' dir='ltr'>Has</span> <span class='ocrx_word' id='word_1_299' title='bbox 1241 3234 1317 3268; x_wconf 85' lang='lat' dir='ltr'>voces</span> 
     </span>
     <span class='ocr_line' id='line_1_32' title="bbox 197 3279 1317 3350; baseline -0.001 -15"><span class='ocrx_word' id='word_1_300' title='bbox 197 3302 256 3336; x_wconf 90' lang='lat' dir='ltr'>eum</span> <span class='ocrx_word' id='word_1_301' title='bbox 268 3286 365 3336; x_wconf 87' lang='lat' dir='ltr'>duabus</span> <span class='ocrx_word' id='word_1_302' title='bbox 377 3289 539 3350; x_wconf 85' lang='lat' dir='ltr'>sequentibus</span> <span class='ocrx_word' id='word_1_303' title='bbox 552 3291 654 3337; x_wconf 85' lang='lat' dir='ltr'>damnat</span> <span class='ocrx_word' id='word_1_304' title='bbox 664 3289 731 3336; x_wconf 88' lang='lat' dir='ltr'>Pint.</span> <span class='ocrx_word' id='word_1_305' title='bbox 753 3329 777 3336; x_wconf 85' lang='grc'>-</span> <span class='ocrx_word' id='word_1_306' title='bbox 800 3295 921 3346; x_wconf 83' lang='lat' dir='ltr'>vocantur,</span> <span class='ocrx_word' id='word_1_307' title='bbox 934 3303 956 3337; x_wconf 86' lang='lat' dir='ltr'>a.</span> <span class='ocrx_word' id='word_1_308' title='bbox 970 3328 1001 3335; x_wconf 73' lang='grc'><strong>-</strong></span> <span class='ocrx_word' id='word_1_309' title='bbox 1020 3284 1119 3347; x_wconf 83' lang='lat' dir='ltr'>videtur,</span> <span class='ocrx_word' id='word_1_310' title='bbox 1136 3279 1213 3336; x_wconf 78' lang='grc' dir='ltr'><strong>θΤᾶ.</strong></span> <span class='ocrx_word' id='word_1_311' title='bbox 1231 3293 1317 3346; x_wconf 72' lang='lat' dir='ltr'>atcere,</span> 
     </span>
     <span class='ocr_line' id='line_1_33' title="bbox 198 3346 1317 3419; baseline -0.002 -15"><span class='ocrx_word' id='word_1_312' title='bbox 198 3371 220 3404; x_wconf 83' lang='lat' dir='ltr'>a</span> <span class='ocrx_word' id='word_1_313' title='bbox 241 3361 349 3417; x_wconf 81' lang='lat' dir='ltr'>petatur,</span> <span class='ocrx_word' id='word_1_314' title='bbox 366 3357 438 3404; x_wconf 88' lang='lat' dir='ltr'>codd.</span> <span class='ocrx_word' id='word_1_315' title='bbox 457 3355 513 3406; x_wconf 87' lang='lat' dir='ltr'>Gel.</span> <span class='ocrx_word' id='word_1_316' title='bbox 526 3350 576 3419; x_wconf 76' lang='grc' dir='ltr'>βγ.</span> <span class='ocrx_word' id='word_1_317' title='bbox 601 3396 632 3404; x_wconf 92' lang='grc'>..</span> <span class='ocrx_word' id='word_1_318' title='bbox 659 3356 751 3415; x_wconf 82' lang='lat' dir='ltr'>scaber,</span> <span class='ocrx_word' id='word_1_319' title='bbox 764 3356 861 3418; x_wconf 87' lang='lat' dir='ltr'>Vergil.</span> <span class='ocrx_word' id='word_1_320' title='bbox 874 3370 961 3419; x_wconf 84' lang='lat' dir='ltr'>georg.</span> <span class='ocrx_word' id='word_1_321' title='bbox 974 3361 997 3414; x_wconf 85' lang='grc'>2,</span> <span class='ocrx_word' id='word_1_322' title='bbox 1011 3358 1068 3404; x_wconf 84' lang='grc'><strong>214.</strong></span> <span class='ocrx_word' id='word_1_323' title='bbox 1095 3363 1170 3414; x_wconf 81' lang='lat' dir='ltr'>satur,</span> <span class='ocrx_word' id='word_1_324' title='bbox 1192 3346 1317 3404; x_wconf 75' lang='lat' dir='ltr'>OTdr¹².</span> 
     </span>
     <span class='ocr_line' id='line_1_34' title="bbox 197 3416 1317 3486; baseline -0.002 -16"><span class='ocrx_word' id='word_1_325' title='bbox 197 3430 289 3481; x_wconf 81' lang='lat' dir='ltr'>satura,</span> <span class='ocrx_word' id='word_1_326' title='bbox 303 3437 325 3471; x_wconf 84' lang='lat' dir='ltr'>a.</span> <span class='ocrx_word' id='word_1_327' title='bbox 349 3462 380 3470; x_wconf 77' lang='lat'>-</span> <span class='ocrx_word' id='word_1_328' title='bbox 404 3439 441 3483; x_wconf 84' lang='lat' dir='ltr'>ac,</span> <span class='ocrx_word' id='word_1_329' title='bbox 457 3416 604 3474; x_wconf 67' lang='lat' dir='ltr'>OTadr12.</span> <span class='ocrx_word' id='word_1_330' title='bbox 631 3431 727 3483; x_wconf 84' lang='lat' dir='ltr'>natura,</span> <span class='ocrx_word' id='word_1_331' title='bbox 739 3419 790 3486; x_wconf 79' lang='grc' dir='ltr'>βγ.</span> <span class='ocrx_word' id='word_1_332' title='bbox 814 3464 844 3472; x_wconf 89' lang='grc'>..</span> <span class='ocrx_word' id='word_1_333' title='bbox 863 3422 985 3485; x_wconf 80' lang='lat' dir='ltr'>friabilis,</span> <span class='ocrx_word' id='word_1_334' title='bbox 996 3424 1100 3472; x_wconf 84' lang='lat' dir='ltr'>Barbar.</span> <span class='ocrx_word' id='word_1_335' title='bbox 1113 3422 1166 3471; x_wconf 72' lang='grc' dir='ltr'><strong>Τὰ.</strong></span> <span class='ocrx_word' id='word_1_336' title='bbox 1185 3420 1317 3484; x_wconf 78' lang='lat' dir='ltr'>fricabilis‚</span> 
     </span>
     <span class='ocr_line' id='line_1_35' title="bbox 199 3479 1318 3555; baseline -0.002 -17"><span class='ocrx_word' id='word_1_337' title='bbox 199 3483 296 3539; x_wconf 74' lang='lat' dir='ltr'>9ar¹².</span> <span class='ocrx_word' id='word_1_338' title='bbox 320 3531 351 3538; x_wconf 83' lang='lat'>..</span> <span class='ocrx_word' id='word_1_339' title='bbox 378 3490 503 3550; x_wconf 77' lang='lat' dir='ltr'>actorebus,</span> <span class='ocrx_word' id='word_1_340' title='bbox 516 3493 551 3540; x_wconf 70' lang='grc' dir='ltr'>α’.</span> <span class='ocrx_word' id='word_1_341' title='bbox 577 3531 607 3539; x_wconf 82' lang='grc'><strong>-</strong></span> <span class='ocrx_word' id='word_1_342' title='bbox 638 3479 756 3555; x_wconf 69' lang='lat' dir='ltr'>Vergilius</span> <span class='ocrx_word' id='word_1_343' title='bbox 767 3506 852 3554; x_wconf 83' lang='lat' dir='ltr'>georg.</span> <span class='ocrx_word' id='word_1_344' title='bbox 866 3497 889 3552; x_wconf 88' lang='grc'>2,</span> <span class='ocrx_word' id='word_1_345' title='bbox 904 3497 960 3542; x_wconf 83' lang='grc'><strong>189.</strong></span> <span class='ocrx_word' id='word_1_346' title='bbox 983 3529 1015 3540; x_wconf 72' lang='grc'>-</span> <span class='ocrx_word' id='word_1_347' title='bbox 1034 3488 1197 3552; x_wconf 83' lang='lat' dir='ltr'>felicem,ad.</span> <span class='ocrx_word' id='word_1_348' title='bbox 1216 3487 1318 3550; x_wconf 82' lang='lat' dir='ltr'>filicem,</span> 
     </span>
     <span class='ocr_line' id='line_1_36' title="bbox 197 3552 1318 3622; baseline -0.002 -17"><span class='ocrx_word' id='word_1_349' title='bbox 197 3552 249 3620; x_wconf 79' lang='grc' dir='ltr'>βγ.</span> <span class='ocrx_word' id='word_1_350' title='bbox 272 3557 305 3606; x_wconf 86' lang='lat' dir='ltr'>V.</span> <span class='ocrx_word' id='word_1_351' title='bbox 319 3558 420 3607; x_wconf 81' lang='lat' dir='ltr'>Muller.</span> <span class='ocrx_word' id='word_1_352' title='bbox 433 3560 466 3608; x_wconf 85' lang='lat' dir='ltr'>ad</span> <span class='ocrx_word' id='word_1_353' title='bbox 477 3561 545 3609; x_wconf 80' lang='lat' dir='ltr'>Fest.</span> <span class='ocrx_word' id='word_1_354' title='bbox 558 3573 581 3621; x_wconf 84' lang='lat' dir='ltr'>p.</span> <span class='ocrx_word' id='word_1_355' title='bbox 596 3564 636 3608; x_wconf 86' lang='grc'><strong>86.</strong></span> <span class='ocrx_word' id='word_1_356' title='bbox 649 3566 675 3607; x_wconf 87' lang='lat' dir='ltr'>ct</span> <span class='ocrx_word' id='word_1_357' title='bbox 685 3559 805 3621; x_wconf 78' lang='lat' dir='ltr'>Wagner:</span> <span class='ocrx_word' id='word_1_358' title='bbox 818 3559 930 3622; x_wconf 86' lang='lat' dir='ltr'>orthogr.</span> <span class='ocrx_word' id='word_1_359' title='bbox 943 3558 1040 3620; x_wconf 83' lang='lat' dir='ltr'>Vergil.</span> <span class='ocrx_word' id='word_1_360' title='bbox 1053 3573 1077 3620; x_wconf 86' lang='lat' dir='ltr'>p.</span> <span class='ocrx_word' id='word_1_361' title='bbox 1090 3563 1147 3606; x_wconf 78' lang='grc'><strong>438.</strong></span> <span class='ocrx_word' id='word_1_362' title='bbox 1166 3597 1197 3604; x_wconf 85' lang='grc'>-</span> <span class='ocrx_word' id='word_1_363' title='bbox 1222 3556 1318 3615; x_wconf 80' lang='lat' dir='ltr'>tutiora,</span> 
     </span>
     <span class='ocr_line' id='line_1_37' title="bbox 198 3622 1319 3689; baseline -0.004 -15"><span class='ocrx_word' id='word_1_364' title='bbox 198 3627 242 3674; x_wconf 86' lang='lat' dir='ltr'>ad.</span> <span class='ocrx_word' id='word_1_365' title='bbox 263 3624 364 3685; x_wconf 81' lang='lat' dir='ltr'>tiuncra,</span> <span class='ocrx_word' id='word_1_366' title='bbox 377 3626 409 3676; x_wconf 92' lang='lat' dir='ltr'>D.</span> <span class='ocrx_word' id='word_1_367' title='bbox 429 3625 507 3687; x_wconf 79' lang='lat' dir='ltr'>tutior,</span> <span class='ocrx_word' id='word_1_368' title='bbox 520 3626 628 3676; x_wconf 87' lang='lat' dir='ltr'>Salmas.</span> <span class='ocrx_word' id='word_1_369' title='bbox 642 3641 724 3675; x_wconf 83' lang='lat' dir='ltr'>exerc.</span> <span class='ocrx_word' id='word_1_370' title='bbox 734 3642 759 3689; x_wconf 93' lang='lat' dir='ltr'>p.</span> <span class='ocrx_word' id='word_1_371' title='bbox 773 3632 813 3677; x_wconf 90' lang='grc'><strong>81.</strong></span> <span class='ocrx_word' id='word_1_372' title='bbox 826 3643 848 3675; x_wconf 84' lang='lat' dir='ltr'>a.</span> <span class='ocrx_word' id='word_1_373' title='bbox 860 3626 894 3675; x_wconf 88' lang='lat' dir='ltr'>A.</span> <span class='ocrx_word' id='word_1_374' title='bbox 914 3666 946 3674; x_wconf 87' lang='grc'><strong>-.</strong></span> <span class='ocrx_word' id='word_1_375' title='bbox 967 3641 991 3681; x_wconf 86' lang='lat' dir='ltr'>o,</span> <span class='ocrx_word' id='word_1_376' title='bbox 1005 3625 1085 3673; x_wconf 88' lang='lat' dir='ltr'>omitt.</span> <span class='ocrx_word' id='word_1_377' title='bbox 1097 3624 1174 3672; x_wconf 88' lang='lat' dir='ltr'>Dad.</span> <span class='ocrx_word' id='word_1_378' title='bbox 1193 3663 1224 3672; x_wconf 81' lang='grc'>..</span> <span class='ocrx_word' id='word_1_379' title='bbox 1249 3622 1319 3671; x_wconf 80' lang='lat' dir='ltr'>colles</span> 
     </span>
     <span class='ocr_line' id='line_1_38' title="bbox 198 3688 1318 3757; baseline -0.003 -16"><span class='ocrx_word' id='word_1_380' title='bbox 198 3709 259 3741; x_wconf 81' lang='lat' dir='ltr'>vano</span> <span class='ocrx_word' id='word_1_381' title='bbox 272 3709 347 3756; x_wconf 86' lang='lat' dir='ltr'>opere,</span> <span class='ocrx_word' id='word_1_382' title='bbox 359 3695 391 3743; x_wconf 91' lang='lat' dir='ltr'>K.</span> <span class='ocrx_word' id='word_1_383' title='bbox 411 3734 442 3741; x_wconf 81' lang='grc'><strong>-</strong></span> <span class='ocrx_word' id='word_1_384' title='bbox 464 3691 634 3757; x_wconf 80' lang='lat' dir='ltr'>pen&#39;teffodiot,</span> <span class='ocrx_word' id='word_1_385' title='bbox 646 3709 670 3742; x_wconf 84' lang='lat' dir='ltr'>a.</span> <span class='ocrx_word' id='word_1_386' title='bbox 690 3693 762 3756; x_wconf 84' lang='lat' dir='ltr'>perit&#39;</span> <span class='ocrx_word' id='word_1_387' title='bbox 773 3691 880 3756; x_wconf 81' lang='lat' dir='ltr'>effodiat,</span> <span class='ocrx_word' id='word_1_388' title='bbox 893 3696 916 3742; x_wconf 92' lang='lat' dir='ltr'>d.</span> <span class='ocrx_word' id='word_1_389' title='bbox 938 3691 1027 3754; x_wconf 76' lang='lat' dir='ltr'>peritus</span> <span class='ocrx_word' id='word_1_390' title='bbox 1039 3688 1147 3754; x_wconf 74' lang='lat' dir='ltr'>effodiet,</span> <span class='ocrx_word' id='word_1_391' title='bbox 1160 3691 1190 3738; x_wconf 91' lang='grc' dir='ltr'>Τ.</span> <span class='ocrx_word' id='word_1_392' title='bbox 1206 3730 1236 3738; x_wconf 87' lang='grc'>..</span> <span class='ocrx_word' id='word_1_393' title='bbox 1254 3688 1318 3750; x_wconf 73' lang='lat' dir='ltr'>solis,</span> 
     </span>
     <span class='ocr_line' id='line_1_39' title="bbox 199 3757 1048 3829; baseline -0.004 -18"><span class='ocrx_word' id='word_1_394' title='bbox 199 3763 242 3811; x_wconf 87' lang='lat' dir='ltr'>ad.</span> <span class='ocrx_word' id='word_1_395' title='bbox 264 3803 293 3810; x_wconf 92' lang='lat'>..</span> <span class='ocrx_word' id='word_1_396' title='bbox 312 3759 521 3821; x_wconf 63' lang='lat' dir='ltr'>dictaveram.</span> <span class='ocrx_word' id='word_1_397' title='bbox 541 3801 571 3809; x_wconf 71' lang='grc'>-</span> <span class='ocrx_word' id='word_1_398' title='bbox 587 3759 744 3822; x_wconf 81' lang='lat' dir='ltr'>providenda,</span> <span class='ocrx_word' id='word_1_399' title='bbox 756 3777 776 3809; x_wconf 88' lang='lat' dir='ltr'>r.</span> <span class='ocrx_word' id='word_1_400' title='bbox 791 3757 962 3823; x_wconf 83' lang='lat' dir='ltr'>praevidendo,</span> <span class='ocrx_word' id='word_1_401' title='bbox 974 3760 1007 3808; x_wconf 88' lang='lat' dir='ltr'>K.</span> <span class='ocrx_word' id='word_1_402' title='bbox 1039 3812 1048 3829; x_wconf 63' lang='lat'>.</span> 
     </span>
    </p>

    <p class='ocr_par' dir='ltr' id='par_1_5' title="bbox 199 3822 1320 4295">
     <span class='ocr_line' id='line_1_40' title="bbox 233 3822 1320 3891; baseline -0.003 -14"><span class='ocrx_word' id='word_1_403' title='bbox 233 3826 300 3887; x_wconf 58' lang='lat' dir='ltr'>§3st</span> <span class='ocrx_word' id='word_1_404' title='bbox 328 3836 357 3887; x_wconf 86' lang='lat' dir='ltr'>et,</span> <span class='ocrx_word' id='word_1_405' title='bbox 371 3823 441 3878; x_wconf 66' lang='grc' dir='ltr'><strong>θεὰ.</strong></span> <span class='ocrx_word' id='word_1_406' title='bbox 460 3845 496 3886; x_wconf 87' lang='lat' dir='ltr'>ac,</span> <span class='ocrx_word' id='word_1_407' title='bbox 507 3824 557 3890; x_wconf 78' lang='grc' dir='ltr'>βγ,</span> <span class='ocrx_word' id='word_1_408' title='bbox 572 3869 602 3876; x_wconf 75' lang='lat'><em>-</em></span> <span class='ocrx_word' id='word_1_409' title='bbox 622 3843 762 3891; x_wconf 84' lang='lat' dir='ltr'>compressa,</span> <span class='ocrx_word' id='word_1_410' title='bbox 773 3822 892 3878; x_wconf 68' lang='lat' dir='ltr'>OTadr¹</span> <span class='ocrx_word' id='word_1_411' title='bbox 901 3831 918 3875; x_wconf 89' lang='lat'>&#39;·&#39;.</span> <span class='ocrx_word' id='word_1_412' title='bbox 931 3867 962 3875; x_wconf 89' lang='lat'>..</span> <span class='ocrx_word' id='word_1_413' title='bbox 973 3823 1242 3888; x_wconf 68' lang='lat' dir='ltr'>frigidiore-regione</span> <span class='ocrx_word' id='word_1_414' title='bbox 1253 3823 1320 3874; x_wconf 81' lang='lat' dir='ltr'>oleae</span> 
     </span>
     <span class='ocr_line' id='line_1_41' title="bbox 200 3892 1319 3958; baseline -0.003 -15"><span class='ocrx_word' id='word_1_415' title='bbox 200 3894 324 3957; x_wconf 74' lang='lat' dir='ltr'>desierunt,</span> <span class='ocrx_word' id='word_1_416' title='bbox 335 3898 402 3945; x_wconf 88' lang='lat' dir='ltr'>Pint.</span> <span class='ocrx_word' id='word_1_417' title='bbox 418 3937 447 3945; x_wconf 86' lang='lat'>..</span> <span class='ocrx_word' id='word_1_418' title='bbox 466 3895 556 3944; x_wconf 64' lang='lat' dir='ltr'>item.-</span> <span class='ocrx_word' id='word_1_419' title='bbox 564 3902 643 3956; x_wconf 83' lang='lat' dir='ltr'>cntea,</span> <span class='ocrx_word' id='word_1_420' title='bbox 655 3897 687 3944; x_wconf 84' lang='lat' dir='ltr'>od</span> <span class='ocrx_word' id='word_1_421' title='bbox 697 3895 826 3958; x_wconf 86' lang='lat' dir='ltr'>superiora</span> <span class='ocrx_word' id='word_1_422' title='bbox 838 3893 913 3943; x_wconf 87' lang='lat' dir='ltr'>refert</span> <span class='ocrx_word' id='word_1_423' title='bbox 923 3894 999 3952; x_wconf 84' lang='lat' dir='ltr'>Pint,</span> <span class='ocrx_word' id='word_1_424' title='bbox 1012 3892 1054 3955; x_wconf 90' lang='lat' dir='ltr'>qui</span> <span class='ocrx_word' id='word_1_425' title='bbox 1063 3901 1192 3954; x_wconf 86' lang='lat' dir='ltr'>praeterea</span> <span class='ocrx_word' id='word_1_426' title='bbox 1200 3899 1256 3940; x_wconf 82' lang='lat' dir='ltr'>ante</span> <span class='ocrx_word' id='word_1_427' title='bbox 1267 3909 1319 3941; x_wconf 81' lang='lat' dir='ltr'>sen·</span> 
     </span>
     <span class='ocr_line' id='line_1_42' title="bbox 199 3957 1319 4025; baseline 0.001 -16"><span class='ocrx_word' id='word_1_428' title='bbox 199 3962 238 4011; x_wconf 80' lang='lat' dir='ltr'>eil.</span> <span class='ocrx_word' id='word_1_429' title='bbox 254 3963 361 4012; x_wconf 67' lang='lat' dir='ltr'>Thracia</span> <span class='ocrx_word' id='word_1_430' title='bbox 372 3961 466 4011; x_wconf 86' lang='lat' dir='ltr'>admoto</span> <span class='ocrx_word' id='word_1_431' title='bbox 477 3964 548 4024; x_wconf 87' lang='lat' dir='ltr'>legit,</span> <span class='ocrx_word' id='word_1_432' title='bbox 567 3964 611 4011; x_wconf 85' lang='lat' dir='ltr'>sed</span> <span class='ocrx_word' id='word_1_433' title='bbox 622 3961 695 4025; x_wconf 83' lang='lat' dir='ltr'>plura</span> <span class='ocrx_word' id='word_1_434' title='bbox 707 3963 830 4011; x_wconf 78' lang='lat' dir='ltr'>excidisse</span> <span class='ocrx_word' id='word_1_435' title='bbox 842 3969 921 4024; x_wconf 79' lang='lat' dir='ltr'>putat.</span> <span class='ocrx_word' id='word_1_436' title='bbox 942 4001 973 4008; x_wconf 86' lang='lat'>-</span> <span class='ocrx_word' id='word_1_437' title='bbox 990 3958 1077 4020; x_wconf 82' lang='lat' dir='ltr'>Aenos,</span> <span class='ocrx_word' id='word_1_438' title='bbox 1090 3960 1136 4009; x_wconf 82' lang='lat' dir='ltr'>Td</span> <span class='ocrx_word' id='word_1_439' title='bbox 1148 3957 1235 4021; x_wconf 84' lang='lat' dir='ltr'>(codd.</span> <span class='ocrx_word' id='word_1_440' title='bbox 1249 3959 1319 4023; x_wconf 85' lang='lat' dir='ltr'>Gel.)</span> 
     </span>
     <span class='ocr_line' id='line_1_43' title="bbox 201 4025 1319 4090; baseline -0.001 -13"><span class='ocrx_word' id='word_1_441' title='bbox 201 4045 262 4089; x_wconf 84' lang='lat' dir='ltr'>enos,</span> <span class='ocrx_word' id='word_1_442' title='bbox 275 4047 297 4080; x_wconf 75' lang='lat' dir='ltr'>a.</span> <span class='ocrx_word' id='word_1_443' title='bbox 321 4071 349 4079; x_wconf 70' lang='grc'>-</span> <span class='ocrx_word' id='word_1_444' title='bbox 367 4030 477 4084; x_wconf 79' lang='lat' dir='ltr'>hobitum.</span> <span class='ocrx_word' id='word_1_445' title='bbox 490 4033 514 4079; x_wconf 91' lang='lat' dir='ltr'>d.</span> <span class='ocrx_word' id='word_1_446' title='bbox 533 4029 630 4085; x_wconf 84' lang='lat' dir='ltr'>abitum,</span> <span class='ocrx_word' id='word_1_447' title='bbox 642 4046 664 4078; x_wconf 86' lang='lat' dir='ltr'>a.</span> <span class='ocrx_word' id='word_1_448' title='bbox 682 4030 801 4088; x_wconf 81' lang='lat' dir='ltr'>ambitum,</span> <span class='ocrx_word' id='word_1_449' title='bbox 813 4045 832 4077; x_wconf 87' lang='lat' dir='ltr'>r.</span> <span class='ocrx_word' id='word_1_450' title='bbox 854 4068 883 4076; x_wconf 94' lang='lat'>..</span> <span class='ocrx_word' id='word_1_451' title='bbox 902 4025 989 4076; x_wconf 80' lang='lat' dir='ltr'>cultore</span> <span class='ocrx_word' id='word_1_452' title='bbox 1001 4025 1117 4090; x_wconf 81' lang='lat' dir='ltr'>lapidato,</span> <span class='ocrx_word' id='word_1_453' title='bbox 1130 4045 1152 4078; x_wconf 86' lang='lat' dir='ltr'>a.</span> <span class='ocrx_word' id='word_1_454' title='bbox 1176 4026 1271 4077; x_wconf 81' lang='lat' dir='ltr'>cultura</span> <span class='ocrx_word' id='word_1_455' title='bbox 1284 4027 1319 4076; x_wconf 82' lang='lat' dir='ltr'>la-</span> 
     </span>
     <span class='ocr_line' id='line_1_44' title="bbox 199 4094 1319 4160; baseline 0.001 -16"><span class='ocrx_word' id='word_1_456' title='bbox 199 4095 290 4160; x_wconf 80' lang='lat' dir='ltr'>pidato,</span> <span class='ocrx_word' id='word_1_457' title='bbox 303 4102 326 4148; x_wconf 89' lang='lat' dir='ltr'>d.</span> <span class='ocrx_word' id='word_1_458' title='bbox 346 4140 376 4148; x_wconf 86' lang='lat'>..</span> <span class='ocrx_word' id='word_1_459' title='bbox 396 4097 451 4156; x_wconf 80' lang='lat' dir='ltr'>cole,</span> <span class='ocrx_word' id='word_1_460' title='bbox 463 4113 485 4146; x_wconf 91' lang='lat' dir='ltr'>a.</span> <span class='ocrx_word' id='word_1_461' title='bbox 505 4139 534 4146; x_wconf 91' lang='lat'>..</span> <span class='ocrx_word' id='word_1_462' title='bbox 556 4094 611 4155; x_wconf 84' lang='lat' dir='ltr'>luto,</span> <span class='ocrx_word' id='word_1_463' title='bbox 623 4097 691 4146; x_wconf 88' lang='lat' dir='ltr'>delet</span> <span class='ocrx_word' id='word_1_464' title='bbox 702 4098 777 4154; x_wconf 85' lang='lat' dir='ltr'>Pint,</span> <span class='ocrx_word' id='word_1_465' title='bbox 791 4096 830 4145; x_wconf 91' lang='lat' dir='ltr'>cui</span> <span class='ocrx_word' id='word_1_466' title='bbox 843 4097 978 4145; x_wconf 86' lang='lat' dir='ltr'>assentitur</span> <span class='ocrx_word' id='word_1_467' title='bbox 990 4096 1134 4147; x_wconf 86' lang='lat' dir='ltr'>Schneider.</span> <span class='ocrx_word' id='word_1_468' title='bbox 1144 4099 1176 4145; x_wconf 86' lang='lat' dir='ltr'>ad</span> <span class='ocrx_word' id='word_1_469' title='bbox 1185 4096 1319 4158; x_wconf 86' lang='lat' dir='ltr'>Theophr.</span> 
     </span>
     <span class='ocr_line' id='line_1_45' title="bbox 202 4161 1320 4230; baseline 0.001 -18"><span class='ocrx_word' id='word_1_470' title='bbox 202 4166 232 4213; x_wconf 89' lang='lat' dir='ltr'>de</span> <span class='ocrx_word' id='word_1_471' title='bbox 245 4181 311 4215; x_wconf 85' lang='lat' dir='ltr'>cans.</span> <span class='ocrx_word' id='word_1_472' title='bbox 324 4168 403 4230; x_wconf 86' lang='lat' dir='ltr'>plant.</span> <span class='ocrx_word' id='word_1_473' title='bbox 416 4165 465 4214; x_wconf 91' lang='lat' dir='ltr'>III.</span> <span class='ocrx_word' id='word_1_474' title='bbox 478 4171 519 4226; x_wconf 89' lang='grc'>20,</span> <span class='ocrx_word' id='word_1_475' title='bbox 533 4171 555 4214; x_wconf 85' lang='grc'><strong>5.</strong></span> <span class='ocrx_word' id='word_1_476' title='bbox 568 4179 592 4228; x_wconf 90' lang='lat' dir='ltr'>p.</span> <span class='ocrx_word' id='word_1_477' title='bbox 605 4165 662 4212; x_wconf 84' lang='grc'><strong>271.</strong></span> <span class='ocrx_word' id='word_1_478' title='bbox 681 4161 728 4212; x_wconf 83' lang='lat' dir='ltr'>loto</span> <span class='ocrx_word' id='word_1_479' title='bbox 739 4162 795 4224; x_wconf 81' lang='lat' dir='ltr'>sole,</span> <span class='ocrx_word' id='word_1_480' title='bbox 809 4166 831 4212; x_wconf 85' lang='lat' dir='ltr'>r¹</span> <span class='ocrx_word' id='word_1_481' title='bbox 841 4165 857 4212; x_wconf 91' lang='lat'>².</span> <span class='ocrx_word' id='word_1_482' title='bbox 883 4204 912 4212; x_wconf 86' lang='lat'>..</span> <span class='ocrx_word' id='word_1_483' title='bbox 941 4162 1035 4223; x_wconf 78' lang='lat' dir='ltr'>Sicilia,</span> <span class='ocrx_word' id='word_1_484' title='bbox 1047 4180 1067 4224; x_wconf 94' lang='lat' dir='ltr'>r,</span> <span class='ocrx_word' id='word_1_485' title='bbox 1079 4165 1147 4228; x_wconf 86' lang='lat' dir='ltr'>quod</span> <span class='ocrx_word' id='word_1_486' title='bbox 1160 4165 1320 4227; x_wconf 86' lang='lat' dir='ltr'>probandum</span> 
     </span>
     <span class='ocr_line' id='line_1_46' title="bbox 202 4231 741 4295; baseline 0 -15"><span class='ocrx_word' id='word_1_487' title='bbox 202 4233 299 4284; x_wconf 85' lang='lat' dir='ltr'>videtur</span> <span class='ocrx_word' id='word_1_488' title='bbox 311 4249 343 4283; x_wconf 87' lang='lat' dir='ltr'>ex</span> <span class='ocrx_word' id='word_1_489' title='bbox 357 4240 396 4294; x_wconf 91' lang='grc'>18,</span> <span class='ocrx_word' id='word_1_490' title='bbox 409 4240 450 4285; x_wconf 83' lang='grc'><strong>38.</strong></span> <span class='ocrx_word' id='word_1_491' title='bbox 468 4233 505 4284; x_wconf 81' lang='lat' dir='ltr'>At</span> <span class='ocrx_word' id='word_1_492' title='bbox 516 4249 539 4282; x_wconf 86' lang='lat' dir='ltr'>v.</span> <span class='ocrx_word' id='word_1_493' title='bbox 552 4231 681 4295; x_wconf 85' lang='lat' dir='ltr'>Theophr.</span> <span class='ocrx_word' id='word_1_494' title='bbox 694 4233 713 4281; x_wconf 95' lang='lat' dir='ltr'>l.</span> <span class='ocrx_word' id='word_1_495' title='bbox 724 4233 741 4280; x_wconf 94' lang='lat' dir='ltr'>l.</span> 
     </span>
    </p>
   </div>
   <div class='ocr_carea' id='block_1_4' title="bbox 0 0 1458 4792">
    <p class='ocr_par' dir='ltr' id='par_1_6' title="bbox 0 0 1458 4792">
     <span class='ocr_line' id='line_1_47' title="bbox 0 0 1458 4792; baseline 0 0"><span class='ocrx_word' id='word_1_496' title='bbox 0 0 1458 4792; x_wconf 95' lang='lat' dir='ltr'> </span> 
     </span>
    </p>
   </div>
  </div>
 </body>
</html>
