2896 4792
194 276 255 343 lec
546 292 751 341 sanamus
773 292 968 342 nrsroamn

192 440 350 506 Thraciae
379 441 524 520 Aenum,
552 443 640 526 quod
668 444 914 532 quadragesimo
941 444 994 509 die
1020 464 1118 528 quam
1139 455 1244 509 saturn
1266 455 1317 510 est

192 541 393 620 maturescit,
421 542 602 626 mirumque
628 543 707 610 nulli
734 544 894 610 frumento
920 544 996 628 plus
1018 565 1088 610 esse
1110 544 1261 629 ponderis
1283 557 1317 610 et

193 641 373 708 furfuribus
394 664 521 719 carere;
543 644 646 709 utitur
667 666 706 710 eo
728 656 760 709 et
783 643 895 711 Sicilia
916 656 949 710 et
969 643 1109 723 Achaia,
1138 646 1316 710 montuosis

192 755 329 829 utraque
356 743 519 829 partibus,
547 743 683 811 Euboea
705 767 831 830 quoquc
858 746 942 810 circa
965 742 1157 829 Carystum3
1184 746 1218 809 in
1244 756 1315 810 tan-

193 857 262 910 tum
287 845 409 910 fallitur
435 841 613 910 Columella
644 845 700 930 qui
724 867 766 910 ne
795 845 965 910 trimestris
992 845 1122 929 quidem
1150 847 1315 932 proprium

190 968 295 1034 genus
317 945 559 1011 existumaverit
580 966 668 1022 esse,
691 967 765 1010 cum
787 945 828 1010 sit
847 944 1070 1029 antiquissimi.
1095 943 1214 1010 Graeci
1229 958 1315 1011 seta-

191 1047 268 1112 nion
289 1056 414 1112 vocant.
446 1045 594 1110 Tradunt
618 1044 653 1108 in
674 1044 801 1110 Bactris
829 1068 931 1132 grana
954 1056 1060 1111 tantae
1082 1046 1315 1134 magnitudinis

190 1147 318 1213 fierint
340 1147 468 1234 singula
490 1147 596 1232 spicas
617 1157 743 1211 nostras
765 1156 911 1230 aequent.

235 1248 286 1312 13.
317 1247 463 1312 Primum
486 1269 527 1312 ex
549 1246 697 1312 omnibus
720 1247 890 1311 frumentis
913 1247 1027 1311 seritur
1047 1246 1213 1312 hordeum.
1245 1248 1315 1313 Da·
1330 1261 1358 1308 τι

191 1346 299 1414 bimus
320 1359 353 1415 et
375 1349 444 1412 dies
466 1346 601 1413 serendo
624 1346 739 1430 cuique
760 1347 889 1434 generi,
911 1357 1027 1412 natura
1046 1349 1245 1436 singulorum
1257 1373 1315 1413 verr-

190 1449 305 1536 posita.
345 1447 514 1513 Hordeum
540 1447 632 1512 Indis
655 1448 790 1514 sativam
813 1458 846 1511 et
867 1447 1031 1525 silvestre,
1058 1471 1100 1513 ex
1129 1471 1193 1534 quo
1221 1449 1315 1534 panis

191 1549 278 1636 apud
300 1570 355 1614 eos
376 1548 569 1634 praecipuus
591 1558 624 1613 et
645 1547 735 1613 alica
768 1546 922 1612 Maxume
949 1548 1079 1631 quidam
1106 1571 1205 1633 oryza
1232 1571 1314 1634 gau-

79 1656 82 1661 '
190 1649 284 1728 dent,
313 1671 353 1714 ex
379 1669 444 1733 qua
472 1649 609 1713 tisanam
636 1648 808 1714 conficiunt
836 1671 933 1733 quam
959 1648 1075 1732 reliqui
1095 1650 1247 1714 mortales
1274 1671 1315 1714 ex

190 1749 322 1816 hordeo.
344 1746 476 1833 Oryzae
497 1748 573 1813 folia
594 1770 743 1826 carnosa,
772 1770 868 1836 porro
892 1749 1011 1822 similia,
1036 1749 1093 1814 sed
1112 1749 1244 1827 latiora,
1268 1749 1315 1813 al-

133 1913 143 1923 ..
191 1850 295 1916 titudo
310 1849 474 1927 cubitalis,
496 1849 556 1914 flos
577 1871 776 1934 purpureus,
798 1850 890 1914 radix
912 1871 1078 1935 gemmeae
1099 1850 1314 1915 rotunditatis.

235 1952 285 2015 14.
315 1949 586 2034 Antiquissimum
607 1951 641 2014 in
663 1949 744 2015 cibis
765 1949 936 2028 hordeum,
965 1950 1048 2016 sicut
1068 1950 1316 2015 Atheniensium
1330 1963 1361 2010 72

191 2050 255 2116 ritu
280 2049 462 2116 Menandro
490 2061 619 2115 auctore
648 2052 782 2136 adparet
809 2063 841 2116 et
868 2050 1082 2137 gladiatorum
1116 2052 1314 2136 cognomino,

190 2150 248 2236 qui
269 2150 429 2216 hordearii
450 2150 657 2218 vocabantur.
687 2151 856 2217 Polentam
878 2174 1006 2237 quoquc
1030 2149 1149 2216 Graeci
1171 2174 1235 2216 non
1256 2151 1316 2215 ali-

191 2251 278 2317 unde
299 2253 495 2336 praeferunt.
523 2251 680 2317 Pluribus
700 2252 737 2316 fit
758 2253 838 2319 haec
858 2253 973 2318 modis.
1009 2249 1127 2316 Graeci
1148 2252 1316 2335 perfusum

192 2373 277 2437 aqua
294 2352 450 2418 hordeum
471 2352 592 2419 siccant
611 2364 705 2418 nocte
723 2377 790 2417 una
810 2377 848 2419 ac
869 2363 997 2440 postero
1013 2352 1065 2416 die
1079 2351 1218 2438 frigunt,
1241 2351 1315 2417 dein

192 2451 283 2518 molis
305 2453 466 2540 frangtmt.
498 2451 584 2522 Sunt
605 2452 661 2539 qui
682 2454 901 2520 vehementius
924 2464 1044 2519 tostum
1065 2475 1177 2517 rursus
1199 2450 1361 2538 exiguam

192 2573 277 2637 aqua
298 2553 496 2641 adspergant
518 2563 551 2620 et
573 2554 695 2620 siccent
713 2555 803 2640 prius
822 2577 919 2639 quam
939 2555 1074 2632 molant3
1098 2552 1152 2618 alii
1171 2575 1246 2618 vero
1266 2553 1315 2617 vi-

191 2653 338 2718 rentibus
359 2653 457 2741 spicis
480 2654 651 2721 decussum
672 2654 827 2719 hordeum
847 2677 962 2720 recens
980 2665 1121 2740 purgant
1134 2652 1315 2718 madidum-

191 2775 254 2838 que
282 2755 315 2818 in
341 2755 406 2840 pila
434 2755 575 2820 tundunt
603 2765 700 2839 atque
726 2755 760 2818 in
787 2754 938 2820 corbibus
965 2757 1077 2820 cluunt
1099 2777 1137 2818 ao
1159 2755 1316 2819 siccatum

192 2855 259 2920 sole
279 2878 391 2921 trusus
413 2855 554 2920 tundunt
575 2865 608 2921 et
627 2867 801 2942 purgatum
822 2858 956 2922 molunt.
980 2854 1192 2937 Quocumque
1209 2862 1316 2917 autem
1387 2905 1391 2913 ,

185 2977 310 3042 vgenere
337 2965 548 3041 praeparato,
576 2955 698 3022 vicenis
725 2955 835 3022 hordei
861 2956 953 3022 libris
967 2968 1083 3023 ternas
1105 2953 1236 3020 seminis
1257 2951 1315 3016 lini

226 3163 295 3224 §⁷⁰-
326 3158 447 3210 Thraciae
462 3158 567 3222 Aenum,
583 3162 650 3212 Pint.
686 3161 805 3212 Thraciae
815 3163 914 3226 fenon,
934 3157 996 3212 8¹a.
1032 3160 1244 3224 Thraciasenum‚
1261 3161 1314 3210 Td.

196 3225 317 3276 Thraciae
325 3225 410 3289 finem,
429 3220 475 3278 0².
506 3227 633 3278 Thracium
649 3229 732 3291 sinum,
748 3225 777 3291 β.
806 3271 838 3280 ...
865 3246 945 3293 qaam,
963 3233 1035 3280 codd.
1052 3230 1111 3281 Gal.
1138 3226 1207 3292 quod,
1220 3230 1263 3277 ad.
1283 3267 1315 3276 -

192 3293 327 3356 mannaan,
343 3288 412 3345 ded.
435 3292 595 3358 manicam.
613 3335 646 3346 ..
671 3292 800 3347 Columella
812 3297 847 3347 II.
861 3303 885 3359 9,
898 3305 922 3349 8.
941 3339 973 3346 -
998 3297 1129 3358 trimestria
1141 3299 1177 3346 a¹.
1197 3293 1315 3353 trimam,

194 3354 280 3411 dam.
302 3401 334 3410 ..
362 3362 532 3425 antiquissimi,
550 3379 573 3413 a.
602 3362 822 3427 antiquissimae.
851 3364 1055 3427 antiqansimam,
1070 3359 1121 3428 βγ.
1144 3404 1176 3413 ..
1202 3361 1315 3420 setanion,

197 3418 293 3479 OTdr.
310 3436 423 3491 sammon,
433 3446 456 3481 a.
473 3430 583 3492 mianton,
593 3432 673 3482 Turn.
685 3433 742 3482 adv.
758 3439 780 3494 l,
793 3439 834 3483 20.
846 3433 949 3484 clibris.
968 3432 1102 3492 aimenaon,
1110 3426 1140 3491 β.
1155 3469 1183 3478 ..
1199 3425 1315 3491 ananias,

194 3511 217 3545 a.
235 3493 333 3558 cingula
344 3494 420 3545 oliuae
431 3495 523 3545 nucleos
535 3505 641 3561 aequent,
653 3499 721 3549 Pina

227 3565 297 3626 5⁷1.
324 3563 430 3624 serendo,
445 3555 516 3614 Ono.
534 3562 634 3627 scendi,
646 3561 675 3627 β.
694 3609 725 3616 -
745 3573 848 3627 matura,
861 3580 884 3615 a.
897 3605 929 3614 ..
947 3563 1012 3622 Indi,
1024 3579 1048 3612 a.
1065 3603 1097 3612 ..
1115 3558 1228 3625 alverno,
1240 3562 1264 3608 d.
1282 3559 1314 3606 si-

194 3627 246 3678 lari
257 3629 290 3691 in,
302 3645 326 3679 a.
350 3671 382 3680 ..
408 3629 514 3692 etalioa,
530 3632 609 3683 Hard.
626 3647 660 3683 ex
670 3634 803 3696 Theophr.
815 3633 875 3683 hist.
887 3633 967 3695 plant.
979 3631 1028 3679 IV.
1041 3636 1066 3689 4,
1079 3634 1102 3678 9.
1129 3626 1228 3685 Italica,
1245 3621 1315 3685 adri.

193 3694 284 3758 latici,
297 3690 357 3747 θΚ.
377 3737 408 3747 -
428 3697 539 3761 taccam,
552 3715 575 3748 a.
590 3699 722 3763 ptisanam,
735 3696 805 3763 dssr.
825 3738 857 3747 .-
882 3696 1085 3762 ονμαε,Ταᾶι·.
1110 3690 1315 3758 Oryzaequidem,

193 3759 222 3825 β,
241 3803 273 3813 ..
289 3779 416 3829 gemmeae,
429 3767 452 3816 d.
469 3766 584 3830 geminae,
600 3759 650 3816 Oa.
666 3766 791 3831 genuinae,
802 3766 893 3815 Dalcc.

228 3833 296 3895 §72
323 3831 505 3881 anianensium
521 3833 600 3896 ritum,
617 3851 640 3884 a
668 3873 700 3883 ..
726 3829 864 3883 Menandro
877 3847 904 3895 p.
917 3828 1264 3891 282.ad.Meinek.prioris.
1286 3867 1313 3874 -

195 3896 319 3961 tardiori,
332 3915 355 3949 a.
375 3899 443 3960 Quid
454 3900 485 3950 de
497 3901 523 3950 h.
534 3902 551 3950 l.
561 3902 723 3951 statuendum
732 3901 773 3961 sit,
781 3901 898 3962 ignorare
912 3913 940 3948 sa
952 3896 1047 3947 fatetur
1055 3896 1125 3960 Lips.
1135 3903 1230 3946 saturn.
1243 3900 1264 3956 1,
1277 3901 1315 3944 lt.

194 3965 282 4016 Doleo.
295 3965 398 4030 equitum
410 3968 519 4016 coniicit.
536 4007 568 4017 ..
588 3965 651 4028 dein,
662 3968 724 4016 adr.
743 3963 833 4027 deinde,
845 3961 897 4028 βγ.

228 4035 297 4096 §⁷3-
324 4033 450 4097 eluerent,
466 4027 495 4084 θ.
517 4033 667 4094 arranged.
689 4032 826 4095 carentque,
838 4027 868 4094 β.
888 4071 918 4081 ..
942 4029 1087 4092 οῐααηί,ειᾱ.
1110 4027 1229 4089 dividant,
1241 4046 1260 4078 r.
1285 4069 1316 4076 -

196 4097 323 4161 siccarum,
335 4117 357 4150 a.
377 4142 408 4151 ..
428 4107 587 4165 praeparata,
598 4100 632 4150 Κ.
651 4139 682 4148 -
705 4098 824 4161 calabram,
840 4093 869 4148 θ.
891 4096 986 4160 salibra,
998 4114 1021 4148 a.
1044 4113 1086 4146 sea
1098 4097 1179 4159 libras,
1192 4099 1245 4147 Td.
1263 4094 1317 4143 seli-

197 4165 260 4224 bras,
272 4161 301 4225 β.
321 4207 353 4217 ..
371 4166 527 4230 acetabulum,
538 4169 572 4219 K.
590 4164 720 4229 acetabulo,
732 4162 827 4230 adssr.
846 4206 878 4216 ..
896 4165 1048 4226 omnmante,
1061 4166 1085 4215 d.

231 4233 299 4294 §⁷⁴-
318 4232 440 4297 sarincm,
456 4228 588 4287 OTKad.
596 4233 714 4298 sormam,
725 4230 754 4296 β.
774 4275 805 4285 ,.
823 4232 909 4296 emilia,
922 4235 966 4283 sd.
987 4274 1017 4282 -
1032 4233 1091 4296 sere
1103 4231 1168 4281 cibus
1181 4239 1222 4293 est,
1238 4224 1316 4281 &Td.
