2896 4792
404 308 475 354 nm.
492 308 580 355 xvn.
611 306 689 354 cnr.
706 304 806 353 xmv.
838 302 935 352 sacr.
950 306 982 348 a.
1195 282 1256 352 lta

136 473 187 527 cet
208 460 272 525 dici
299 458 350 523 vel
377 458 543 543 patellam3
571 456 651 521 haec
673 466 722 521 est
747 455 823 519 solis
845 454 980 519 exustio.
1012 451 1138 518 Nocere
1161 452 1259 516 tradit

138 558 221 625 Cato
245 567 278 623 et
292 579 438 623 muscum
451 557 595 623 rubrum.
616 553 719 620 Nocet
732 555 920 640 plerumque
934 551 1053 618 vitibus
1068 563 1164 636 atque
1179 551 1258 617 olei's

137 671 171 725 et
192 659 291 725 nimia
314 657 472 722 fertilitas.
510 654 644 721 Scabies
667 655 833 720 conmunis
856 653 996 718 omnium
1018 664 1077 716 est.
1110 652 1259 738 Inpetigo

138 770 170 823 et
190 780 273 842 quae
289 758 442 843 adgnasci
464 758 569 822 solent
590 756 715 822 cocleae
736 754 911 840 peculiaria
931 753 1064 818 ficorum
1088 753 1176 830 vitia,
1199 774 1259 817 nec

138 858 277 942 ubique3
300 869 375 923 sunt
397 857 481 921 enim
502 856 659 940 quaedam
682 855 901 943 aegritudines
916 853 1113 918 etlocorum.
1135 851 1260 918 Verum
1273 873 1323 917 aas

140 970 175 1023 ut
196 958 317 1023 homini
338 979 510 1023 nervorum
533 946 705 1033 cruciatus,
730 956 776 1021 sic
798 965 832 1020 et
852 954 968 1030 arbori,
998 976 1036 1019 ac
1058 954 1183 1019 duobus
1205 976 1260 1018 ae-

140 1081 204 1142 que
230 1058 352 1136 modis;
380 1068 436 1122 aut
457 1057 543 1122 enim
563 1056 598 1120 in
618 1056 717 1141 pedes
738 1055 799 1121 hoc
821 1066 869 1120 est
889 1054 1014 1119 radices
1035 1055 1191 1139 inrumpit
1212 1054 1262 1121 vis

140 1156 244 1223 morbi
266 1159 374 1223 autin
396 1157 548 1221 articulos
569 1156 629 1221 hoc
652 1166 702 1220 est
724 1155 922 1220 cacuminum
949 1154 1079 1240 digitos,
1108 1155 1162 1237 qui
1189 1155 1260 1219 lori-

141 1259 272 1344 gissime
294 1280 314 1321 a
335 1268 401 1324 toto
415 1279 549 1342 corpore
569 1267 702 1333 exeunt3
726 1257 910 1320 inarescunt
923 1277 1011 1340 ergo,
1035 1266 1066 1319 et
1087 1267 1161 1321 sunt
1175 1254 1262 1341 apud

143 1355 286 1424 Graecos
308 1380 367 1423 sua
379 1357 509 1421 nomina
523 1356 651 1439 utrique
666 1356 754 1420 vitio.
776 1355 931 1437 Undique
947 1355 1050 1438 primo
1065 1355 1163 1433 dolor,
1186 1377 1262 1420 mox
1275 1375 1325 1420 aas

144 1469 177 1522 et
197 1459 315 1522 macies
337 1479 447 1522 earum
467 1456 605 1541 partium
633 1455 769 1539 fragilis,
796 1465 958 1540 postremo
984 1454 1074 1520 tabes
1101 1477 1262 1539 morsque,

143 1579 207 1621 non
233 1557 374 1621 intrante
400 1578 476 1621 suco
505 1564 645 1619 autnon
666 1554 883 1639 perveniente,
910 1574 1123 1635 maxumeque
1150 1554 1184 1617 id
1210 1552 1264 1619 fici

145 1657 296 1722 sentiunt.
329 1654 511 1742 Caprilicus
537 1653 685 1719 omnibus
710 1653 850 1718 inmunis
879 1664 929 1718 est
951 1675 1033 1736 quae
1054 1654 1158 1718 adhuc
1180 1655 1264 1719 dixi·

145 1779 226 1823 mus.
259 1755 395 1822 Scabies
416 1755 561 1842 gignitur
581 1753 708 1819 roribus
729 1755 826 1819 lentis
847 1765 920 1839 post
946 1754 1115 1841 vergilias3
1142 1777 1215 1818 nam
1237 1755 1265 1820 si

144 1856 299 1940 largiores
324 1857 424 1935 fuere,
452 1854 649 1940 perfimdunt
674 1854 831 1931 arborem,
860 1877 925 1919 non
953 1854 1110 1940 scalpunt.
1147 1854 1264 1923 Scabie

145 1967 176 2019 et
197 1957 302 2044 grossi
324 1956 453 2033 cadunt,
476 1956 503 2019 si
526 1954 577 2020 vel
597 1954 717 2020 imbres
738 1955 828 2026 nimii
849 1955 956 2029 fuere3
986 1955 1047 2020 alio
1068 1956 1164 2021 modo
1184 1957 1265 2023 ficus

145 2055 269 2121 laborat
290 2056 452 2121 radicibus
473 2055 620 2120 madidis.
658 2055 790 2121 Vitibus
816 2045 944 2140 praeter
972 2055 1265 2121 vermiculationem
1278 2073 1327 2118 aas
1423 2078 1428 2086 ·

147 2167 179 2220 et
200 2157 425 2223 siderationem
446 2157 576 2221 morbus
598 2155 768 2240 peculiaris
795 2155 973 2220 articulatio
1000 2154 1103 2221 tribus
1125 2157 1165 2222 de
1187 2179 1264 2222 cau·

149 2257 208 2322 sis:
239 2280 314 2332 una,
336 2257 369 2322 vi
391 2255 627 2341 tempestatium
650 2255 849 2340 germinibus
870 2254 996 2332 ablatis,
1017 2257 1127 2333 altera,
1149 2269 1185 2322 ut
1206 2280 1265 2322 no·

150 2355 230 2420 tavit
250 2355 507 2440 Theophrastus,
537 2355 570 2419 in
592 2356 743 2440 supinum
764 2356 892 2433 excisis,
920 2356 1023 2434 tertia,
1051 2358 1193 2423 culturae
1214 2359 1265 2422 in-

150 2456 265 2541 peritia
285 2455 391 2520 laesis.
428 2453 552 2520 Omnes
573 2478 684 2520 earum
705 2455 839 2520 iniuriae
860 2457 893 2520 in
914 2457 1056 2521 articulis
1078 2459 1267 2524 sentiuntur.

151 2556 362 2622 Siderationis
383 2578 486 2643 genus
508 2565 558 2620 est
578 2554 612 2618 in
626 2553 678 2618 his
696 2553 977 2620 deflorescentibus
992 2558 1109 2622 roratio
1124 2571 1180 2622 aut
1194 2582 1268 2623 cum

150 2656 234 2721 acini
264 2648 452 2742 priushuam
487 2665 631 2719 crescant
659 2654 856 2718 decocuntur
881 2654 916 2718 in
940 2657 1072 2731 callum;
1102 2669 1270 2743 aegrotant

151 2768 277 2821 etcum
303 2757 422 2833 alsere,
447 2755 544 2820 laesis
570 2753 705 2818 uredine
731 2764 929 2818 attonsarum
956 2755 1075 2831 oculis3
1112 2767 1145 2821 et
1166 2757 1268 2823 calore

151 2855 210 2920 hoc
232 2857 339 2921 evenit
358 2854 594 2939 intempestivo,
616 2853 768 2936 quoniam
789 2853 894 2918 omnia
915 2855 1009 2919 modo
1029 2867 1175 2921 constant
1197 2880 1268 2922 cer-

131 2966 248 3040 toque
278 2964 538 3038 temperamento.
576 2951 676 3017 Fiunt
704 2967 736 3017 et
762 2953 857 3037 culpa
884 2954 959 3019 vitis
987 2955 1176 3036 colentium„
1196 2969 1330 3025 cumm

153 3162 299 3212 Schneider.
311 3163 345 3210 ad
357 3162 490 3223 Theophr.
502 3161 561 3209 hist.
573 3160 652 3223 plant
665 3158 712 3209 IV.
727 3167 767 3221 14,
781 3166 804 3209 5.
817 3175 841 3222 p.
854 3166 912 3210 394.
924 3169 950 3210 st
962 3163 992 3211 T.
1003 3163 1035 3211 V.
1045 3178 1070 3225 p.
1082 3170 1137 3213 124.
1155 3163 1268 3225 rcrrbras,

153 3225 246 3292 adssr.
265 3268 296 3276 ..
311 3225 459 3291 perfundunt
469 3243 506 3287 ne,
518 3228 562 3276 ad.
582 3266 613 3275 ..
634 3224 750 3288 scalpunt.
765 3225 856 3284 Scabie,
869 3229 904 3277 ita
915 3242 963 3277 nos
975 3229 1184 3291 interpunximns.
1207 3229 1269 3279 renl-

150 3302 210 3358 ptmt
221 3293 315 3354 scubia,
328 3289 423 3357 adssr.
442 3334 473 3343 ..
492 3301 515 3340 et
524 3291 609 3356 pressi,
621 3293 700 3342 Hard.
717 3293 741 3340 ai
748 3294 834 3355 presai,
851 3285 878 3342 θ.
897 3302 971 3342 eteros
981 3295 1011 3353 si,
1025 3297 1110 3347 Tad2.
1129 3304 1202 3344 eteros
1213 3297 1270 3358 sios,

156 3363 192 3410 d¹.
222 3359 327 3410 Ceterum
338 3360 367 3420 ai,
378 3356 408 3421 β
432 3400 462 3408 -
489 3357 566 3418 sicel,
583 3359 663 3407 Hard.
690 3357 747 3418 siue,
764 3354 836 3419 adst.
863 3359 980 3409 Ceterum
997 3362 1022 3409 iu
1040 3363 1080 3411 his
1091 3364 1160 3412 varia
1170 3373 1271 3415 mutant

153 3430 220 3478 Pint.
232 3437 258 3477 et
269 3428 390 3486 Schneid.
402 3428 429 3475 ll.
443 3441 479 3475 cc.
498 3465 528 3474 ..
547 3423 595 3473 clio
607 3422 682 3485 modo,
695 3426 739 3473 ad.
758 3423 798 3472 illo
810 3425 883 3473 etiam
895 3424 970 3486 modo,
984 3421 1012 3476 θ.
1031 3427 1079 3476 alio
1091 3428 1160 3488 malo,
1173 3432 1240 3480 Pint.

187 3497 271 3557 §aaa
299 3495 335 3556 m'3
348 3508 394 3557 pro
403 3494 429 3542 h.
441 3508 464 3541 v.
477 3493 572 3540 habent
583 3490 620 3538 uti
633 3483 718 3541 Oadr.
738 3532 768 3539 -
793 3493 1037 3555 tempestatiomffld.
1056 3497 1269 3559 tempestivuma'.

154 3560 344 3624 intenrpestr'uum,
358 3554 402 3609 θι.
422 3566 590 3621 tempestatum,
601 3553 652 3620 βγ.
672 3599 702 3606 ..
729 3557 905 3620 Theophrastus
916 3560 975 3609 hist.
988 3562 1067 3624 plant.
1079 3563 1126 3612 1v.
1142 3569 1180 3624 tt,
1195 3570 1217 3613 5.
1238 3604 1269 3612 -

154 3628 309 3680 rechia'l'd.
332 3624 601 3684 recedendmschneid.
619 3665 650 3673 ..
678 3623 765 3682 onina,
778 3641 800 3674 a
820 3665 851 3674 -
874 3641 998 3687 acrama.
1024 3628 1084 3676 enim
1097 3645 1184 3690 eorum,
1197 3625 1269 3694 dssr.

155 3735 186 3742 ..
205 3693 364 3744 siderationis
375 3693 428 3753 rel,
440 3692 572 3755 Theophr.
583 3693 601 3740 l.
613 3691 630 3740 l.
642 3691 690 3741 IV.
705 3697 744 3751 14,
757 3697 780 3741 6.
805 3732 835 3739 ..
862 3708 912 3740 cum
924 3692 996 3753 acini,
1012 3697 1036 3745 d.
1060 3696 1209 3757 concciai,a
1237 3737 1268 3746 ..

155 3768 340 3822 temperamento.
353 3759 429 3808 Fiunt
439 3766 468 3820 et,
480 3760 542 3808 adr.
561 3765 739 3820 temperamento
743 3757 818 3818 fiunt.
830 3756 873 3816 Et,
885 3754 913 3819 β.

188 3830 202 3890 §
216 3831 273 3877 227.
291 3826 349 3875 vites
361 3825 489 3883 colentium,
502 3825 575 3874 codd.
588 3826 667 3874 Hard.
679 3823 726 3886 (l).
749 3823 829 3872 vitium
841 3825 948 3885 colentia,
960 3830 1033 3878 Dad.
1057 3829 1181 3877 vinitorum
1194 3827 1269 3878 colam-

155 3893 220 3953 nam,
236 3888 265 3953 β.
290 3895 332 3943 Ex
348 3894 421 3943 codd.
434 3907 513 3955 nuper
530 3892 630 3941 collatis
647 3900 751 3954 apparet
762 3892 873 3942 Plinium
892 3895 960 3944 alind
973 3897 1034 3958 quid
1046 3897 1180 3958 compsisse,
1194 3910 1271 3957 quam

155 3963 224 4022 qnod
236 3961 314 4010 Eard.
325 3960 352 4009 in
363 3961 415 4009 suis
427 3961 499 4008 codd.
511 3960 561 4021 legi
574 3960 659 4021 fingit3
671 3975 730 4008 nam
743 3960 793 4021 logi
807 3969 876 4009 eant
888 3963 996 4019 credam,
1014 3963 1056 4010 vix
1068 3962 1187 4011 adducor.
1215 3963 1270 4013 Iam

155 4029 175 4076 si
185 4027 353 4087 meminimus,
363 4033 426 4088 quot
434 4027 510 4075 etiam
518 4026 595 4074 Plinii
603 4027 652 4075 loci
662 4027 759 4074 duabus
767 4028 912 4088 pluribusve
920 4030 1023 4077 vocibus
1032 4029 1212 4089 conglutinatis
1221 4031 1272 4081 sint

156 4095 272 4156 corrupti,
284 4107 316 4142 nc
326 4094 418 4142 nimiae
430 4093 550 4141 audaciae
558 4107 657 4154 arguar,
666 4108 717 4141 non
727 4108 814 4143 vercor
825 4096 980 4144 scribendum
988 4095 1135 4144 coniiciens:
1145 4095 1226 4144 uitium
1235 4096 1271 4146 ιἰι-

155 4160 287 4209 columitao'
294 4159 408 4219 noemma,
420 4169 449 4208 ut
460 4159 525 4208 Plin.
544 4160 611 4208 dicat
628 4160 702 4208 otiam
716 4160 792 4222 culpa
803 4162 935 4210 hominnm
953 4162 1005 4208 fleri
1017 4163 1146 4221 nonnulla,
1159 4179 1224 4226 quae
1236 4167 1272 4214 vi·

156 4230 218 4278 tium
231 4228 363 4291 proventui
375 4233 489 4277 noceant.
