2896 4792
420 997 474 1102 c.
510 997 681 1102 rum
718 911 1004 1102 saeuum
1190 1114 1236 1133 ,.

203 1258 690 1384 NATURALIS
734 1228 1210 1379 ursaonmu'

568 1507 727 1585 LIBER¹
741 1506 842 1581 XVI.

630 1711 781 1724 m

190 1843 296 1913 Sucr.
320 1850 349 1911 l.
385 1814 580 1916 pomiferae
601 1847 731 1914 arbores
753 1869 899 1933 quaeque
913 1838 1093 1914 mitioribus
1109 1847 1193 1914 sucis
1208 1851 1294 1917 vo·§
1315 1860 1325 1903 ¹

145 1950 303 2035 luptatem
323 1948 445 2034 primae
472 1947 552 2014 cibis
581 1949 755 2013 attulerunt
775 1959 807 2014 et
828 1946 1010 2015 necessario
1037 1949 1185 2015 alimento
1208 1950 1265 2016 de·

145 2051 235 2117 licias
256 2051 391 2115 miscere
413 2049 599 2127 docuerunt,
622 2050 690 2114 sive
711 2049 784 2114 illae
805 2050 889 2116 ultro
913 2050 981 2115 sive
1003 2051 1044 2117 ab
1066 2050 1194 2117 homine
1216 2051 1266 2121 di÷
1372 2070 1376 2084 ·

146 2152 253 2217 dicere
274 2151 408 2218 blandos
432 2173 563 2236 sapores
591 2150 762 2236 adoptione
785 2161 817 2216 et
838 2151 997 2218 connubio
1024 2151 1121 2236 idque
1150 2175 1267 2220 munus

146 2254 242 2318 etiam
269 2253 348 2318 feris
376 2252 623 2336 volucribusque
652 2251 842 2331 diffidimus,
872 2253 956 2318 intra
981 2254 1162 2339 praedictas
1189 2276 1267 2320 con·

146 2365 241 2420 stant.
263 2353 462 2419 Proxumum
476 2363 545 2419 erat
559 2374 688 2418 narrare
702 2352 900 2440 glandiferas
916 2376 1054 2439 quoque,
1065 2354 1167 2441 primo
1179 2355 1266 2421 victu

146 2455 324 2521 mortalium
347 2454 490 2520 alvorum
511 2453 652 2518 nutrices
679 2453 783 2539 inopis
805 2477 842 2520 ac
863 2455 950 2521 ferae
977 2456 1082 2533 sortis,
1109 2457 1142 2521 ni
1171 2479 1265 2543 prae·

147 2556 228 2622 verti
243 2565 373 2642 cogeret
388 2554 556 2619 admiratio
569 2576 632 2619 usu
647 2567 807 2639 conperta,
828 2576 985 2638 quaenam
1001 2556 1166 2640 qualisque
1182 2569 1267 2623 esset

146 2658 212 2722 vita
234 2657 302 2723 sine
323 2656 437 2721 arbore
457 2655 532 2733 ulla,
556 2654 623 2719 sine
645 2654 761 2720 frutice
783 2655 967 2721 viventium.
1351 2742 1357 2751 Ι

133 2829 135 2834 .
189 2757 275 2825 Car.
289 2757 315 2822 I.
337 2757 489 2822 Diximus
505 2766 537 2822 et
550 2757 584 2820 in
605 2756 727 2821 oriente
749 2757 881 2840 quidem
902 2757 993 2822 iuxta
1015 2779 1169 2823 oceanum
1192 2777 1293 2824 con-a

145 2860 247 2944 pluris
270 2882 308 2924 ea
328 2858 363 2922 in
383 2858 572 2923 necessitate
593 2856 715 2944 gentis3
745 2869 819 2922 sunt
840 2880 916 2923 vero
943 2857 1029 2924 etin
1051 2850 1265 2945 septentrione

117 3018 119 3023 .
145 2960 233 3025 visae
254 2959 348 3025 nobis
370 2957 574 3024 Chaucorum
595 2957 651 3041 qui
672 2958 809 3023 maiores
830 2959 1032 3050 minoresque
1053 2960 1265 3046 appellantur.

146 3059 251 3126 Vasto
278 3059 323 3125 ibi
350 3069 458 3124 meatu
486 3058 537 3124 bis
566 3057 691 3124 dierum
718 3060 924 3144 noctiumque
946 3061 1144 3147 singularum
1165 3063 1265 3149 interf

145 3159 238 3224 vallis
260 3161 383 3225 effusus
408 3160 442 3224 in
470 3158 649 3224 inmensum
670 3159 776 3246 agitur
803 3183 958 3240 oceanus,
988 3160 1136 3247 operiens
1161 3176 1264 3228 acter-

144 3283 219 3325 nam
232 3284 340 3326 rerum
360 3271 491 3327 naturae
512 3261 761 3326 controversiam
787 3261 980 3347 dubiamque
996 3273 1099 3329 terrae
1114 3264 1208 3329 situm
1223 3287 1265 3329 an

178 3425 222 3475 Ad
234 3427 303 3474 hunc
314 3426 407 3476 librum
419 3427 467 3476 toti
479 3434 539 3476 sunt
550 3427 650 3476 excussi
662 3427 712 3489 ad3
731 3428 763 3475 de
774 3429 798 3478 D
811 3443 834 3477 v.
846 3431 878 3479 ad
890 3429 990 3478 initium
1002 3429 1060 3478 libri
1071 3429 1146 3480 XIV.

180 3495 231 3555 §L
250 3492 353 3553 mucore,
366 3486 484 3544 TOadr.
502 3492 638 3554 immiscere,
649 3487 678 3554 β.
698 3535 728 3542 -
747 3492 795 3554 ille,
807 3511 830 3544 a.
850 3537 881 3544 ..
899 3495 957 3556 aive,
970 3511 1021 3545 om.
1034 3514 1056 3547 a.
1076 3538 1107 3546 -
1127 3494 1213 3545 blando
1224 3511 1264 3544 aa·

141 3558 217 3622 poma,
230 3576 253 3609 a.
273 3601 304 3608 ..
322 3560 427 3622 conubio,
439 3576 462 3609 a.
476 3602 507 3610 ..
525 3558 609 3622 minus,
622 3563 646 3611 d.
660 3602 690 3609 -
709 3559 849 3622 volucribus,
862 3565 886 3614 d.
900 3605 931 3612 -
950 3562 1086 3626 diuidimus,
1098 3566 1135 3614 ita
1146 3580 1193 3614 nos
1205 3563 1264 3613 scri·

145 3628 251 3690 polmus.
274 3625 409 3687 didicimus,
422 3623 490 3678 θην.
514 3625 631 3689 dedimus,
644 3623 716 3692 dds.
740 3630 775 3679 V.
787 3631 877 3680 Horat.
896 3639 942 3683 sat.
954 3631 989 3682 Π.
1003 3639 1026 3694 2,
1040 3637 1080 3683 67.
1105 3673 1135 3680 -
1164 3637 1263 3689 comam,

145 3697 190 3744 ad.
208 3735 239 3744 -
262 3711 360 3758 qaoque,
373 3698 434 3746 adr.
457 3711 548 3759 quoque
563 3711 632 3758 quae,
644 3691 694 3760 βγ.
718 3737 749 3746 ..
775 3698 862 3760 primo,
874 3716 894 3748 r.
913 3692 1149 3762 primaaTOadr.
1177 3697 1263 3748 (luisi

145 3761 249 3811 lectioni
265 3764 364 3826 aliquid
380 3764 547 3823 tribuendum,
560 3762 639 3826 primo
652 3779 665 3810 e
680 3765 816 3826 legendum
833 3775 882 3828 ειη
898 3765 1044 3816 vid..Hand.
1054 3766 1162 3815 Turscll.
1173 3772 1195 3826 2,
1206 3770 1263 3816 637.
1302 3822 1307 3833 Ι

146 3842 190 3877 no.
200 3835 241 3878 41.
259 3871 290 3878 ..
309 3830 378 3891 metu,
391 3847 411 3880 r.
429 3830 522 3889 victum,
535 3826 627 3894 ειᾱβγ.
647 3872 677 3879 ..
696 3829 811 3893 alvorum,
823 3848 862 3882 ar.
880 3832 997 3895 clamant,
1010 3828 1081 3895 ᾶβγ.

180 3897 231 3958 §2
249 3896 361 3946 Dicimus
379 3905 418 3960 13,
434 3903 490 3948 139.
514 3939 544 3947 -
568 3907 663 3960 veroet,
679 3891 756 3949 Ora.
779 3916 841 3961 vero,
858 3897 929 3966 ᾱβγ.
954 3942 984 3950 ,.
1010 3894 1207 3960 Coucoram,9a.
1231 3941 1262 3951 -

145 3963 194 4025 qui,
207 3979 230 4012 a.
253 3980 305 4026 que,
318 3967 371 4016 Td.
398 4007 427 4014 ..
454 3964 607 4029 appellentur,
621 3968 645 4015 d.
669 4006 699 4015 „.
728 3966 769 4026 bis,
782 3984 805 4017 a.
824 3984 908 4032 prope,
925 3970 978 4018 Td.
1003 3966 1175 4029 perpetumbiq
1188 3986 1207 4018 r.
1231 4009 1262 4018 .-

145 4031 251 4093 operiens
262 4040 390 4091 aetorum,
404 4036 447 4083 ad.
469 4041 515 4082 oet.
529 4049 601 4096 oper„
612 4028 663 4097 βγ.
683 4075 714 4082 -
737 4032 886 4097 dabamque,
898 4036 951 4084 Td.
974 4032 1104 4087 dubiamve.
1116 4052 1135 4084 r.
1159 4034 1263 4084 dubium·

144 4113 197 4160 que,
210 4094 280 4163 asty.
304 4141 335 4149 ,
364 4100 432 4148 strum
445 4117 485 4160 aa,
498 4102 533 4150 ita
544 4116 592 4150 nos
605 4102 758 4164 scripsimus.
781 4102 859 4159 sitam,
872 4105 895 4150 d.
918 4102 949 4149 sit
960 4117 1004 4162 on,
1017 4097 1115 4166 Tafis.
1139 4103 1206 4153 Situs
1217 4117 1262 4166 pro

144 4165 210 4228 rapio
226 4168 328 4229 proprio
345 4176 384 4218 cst
400 4168 560 4229 Prisianum
579 4183 602 4216 v.
621 4175 646 4229 2,
660 4175 715 4218 los.
734 4175 758 4225 4,
773 4174 828 4218 loa.
848 4176 871 4229 5,
885 4175 925 4218 62.
944 4175 968 4232 6,
980 4175 1020 4219 44.
1040 4177 1078 4296 112,
1092 4177 1132 4222 85.
1152 4177 1207 4220 108.

177 4234 254 4282 Pam.
271 4234 320 4283 III.
