2896 4792
129 258 209 333 ‘422
498 271 702 320 strumus
727 272 921 349 mesonma

146 445 208 508 que
230 422 325 487 otiam
347 422 381 486 in
404 422 480 487 villa
501 444 559 487 sua
580 421 764 489 Tusculana
786 446 869 508 quae
891 426 952 490 fuit
973 438 1088 510 postea
1103 424 1287 493 Ciceronis

146 524 259 611 pinxit.
283 522 382 605 Quod
405 523 430 588 si
448 545 557 588 verum
580 535 639 602 est,
662 523 724 590 hoc
738 525 1014 592 exsecrabiliorem
1030 550 1105 593 eum
1122 527 1285 608 dixerim,

145 624 406 710 quandoquidem
428 647 499 690 eam
521 625 618 712 capiti
640 647 699 691 suo
721 627 958 713 proscriptione
987 649 1045 693 sua
1066 628 1141 715 ipse
1164 630 1285 696 detra·

145 725 211 804 xit,
244 736 332 789 tanto
353 725 559 812 paucioribus
585 726 703 793 civium
727 728 861 793 servatis
888 749 984 812 quam
1010 738 1125 815 postea
1148 730 1284 797 occisis.

84 841 92 856 ‘
145 826 257 891 Addat
279 827 452 892 etiamnum
474 827 548 892 huic
570 828 692 916 gloriae
715 829 890 915 superbum
912 849 1089 915 cognomen
1108 827 1265 896 Felicem
1271 855 1283 908 3
1378 868 1385 877 -

145 929 216 1015 ipse
237 939 343 993 tamen
365 929 506 994 obsessis
528 929 562 993 in
584 939 651 994 toto
673 928 750 993 orbe
764 929 956 1016 proscriptis
975 928 1036 994 hac
1056 951 1179 996 corona
1194 929 1282 998 Ser·

145 1028 230 1095 torio
262 1028 366 1094 cessit.
399 1028 619 1095 Aemilianum
649 1051 776 1114 quoque
804 1027 990 1117 Scipionem
1018 1029 1127 1096 Varro
1160 1043 1327 1100 auctoris

145 1140 196 1196 est
217 1129 370 1195 donatum
391 1128 582 1195 obsidionali
604 1131 637 1194 in
652 1130 765 1197 Africa
778 1130 914 1198 Manilio
935 1133 1073 1211 consule,
1095 1155 1134 1197 111
1157 1133 1281 1200 cohor-

147 1230 234 1296 tibus
256 1229 389 1296 servatis
412 1231 605 1316 totidemque
626 1232 669 1297 ad
690 1233 865 1298 servandas
887 1255 943 1299 eas
965 1232 1105 1311 eductis,
1127 1236 1223 1319 quod
1246 1249 1281 1303 et

147 1342 272 1397 statuae
294 1331 364 1397 eius
385 1331 418 1395 in
442 1332 513 1397 foro
535 1354 594 1398 suo
616 1332 707 1398 divos
728 1332 897 1422 Augustus
920 1332 1120 1418 subscripsit.
1155 1335 1281 1422 Ipsum

146 1432 333 1521 Augustum
347 1433 396 1498 M.
413 1431 569 1500 Cicerone
590 1434 656 1501 filio
679 1435 809 1500 consule
831 1434 939 1501 idibus
954 1431 1207 1521 Septembribus
1224 1461 1280 1506 so-

147 1546 243 1602 natus
263 1535 453 1602 obsidionali
472 1535 665 1615 donavit..
677 1536 758 1602 adeo
773 1535 874 1602 civica
900 1558 965 1601 non
987 1535 1065 1602 satis
1087 1536 1279 1618 videbatur,

148 1693 187 1703 ..
211 1659 272 1703 nec
291 1649 458 1724 praeterea
479 1660 672 1724 quemquam
694 1637 755 1703 hac
776 1637 956 1704 invenimus
978 1637 1141 1722 donatum.

190 1740 220 1805 7.
242 1738 358 1805 Nullae
386 1761 464 1828 ergo
490 1739 609 1806 herbae
637 1740 728 1807 fuere
757 1751 861 1808 certae
890 1740 924 1805 in
953 1741 1015 1807 hoc
1041 1740 1179 1820 honore,
1216 1743 1277 1809 sed
1292 1759 1324 1805 tt

145 1862 364 1927 quaecumque
385 1841 512 1906 fuerant
532 1843 566 1907 in
587 1841 721 1929 periculi
744 1840 819 1907 sede
833 1843 981 1927 quamvis
994 1841 1154 1930 ignobiles
1174 1843 1279 1932 igno-

147 1952 262 2027 taeque
288 1942 440 2008 honorem
467 1943 609 2008 nobilem
638 1941 817 2022 faciebant,
852 1943 939 2029 quod
965 1945 1064 2011 latare
1092 1943 1182 2029 apud
1211 1967 1278 2013 nos

146 2042 253 2108 minus
274 2042 405 2128 quidem
426 2043 524 2109 miror
544 2065 677 2109 cernens
692 2044 820 2132 neglegi
834 2066 873 2110 ea
894 2065 1022 2128 quoque
1043 2066 1125 2128 qnae
1148 2043 1191 2108 ad
1214 2067 1277 2110 va·

146 2145 324 2212 latudinem
345 2145 597 2210 conservandam
619 2145 843 2230 cruciatusque
869 2145 1013 2233 corporis
1033 2145 1277 2232 propulsandos

148 2256 181 2312 et
202 2255 336 2312 mortem
350 2246 522 2312 arcendam
536 2247 707 2332 pertinent.
730 2244 799 2313 Sed
819 2247 892 2332 quis
913 2270 977 2314 non
995 2268 1101 2313 mores
1121 2246 1193 2312 iure
1216 2269 1275 2313 ca·

148 2346 266 2434 stiget?
288 2345 456 2412 Addidere
474 2346 603 2412 vivendi
625 2348 728 2433 pretia
750 2348 884 2415 deliciae
897 2348 1056 2433 luxusque
1062 2371 1072 2425 ;
1093 2366 1276 2432 numquam

148 2448 211 2514 luit
231 2447 317 2515 vitae
340 2448 459 2536 cupido
480 2448 582 2514 maior
603 2472 662 2515 nec
681 2449 786 2515 minor
808 2472 896 2515 cura.
918 2450 1066 2517 Aliorum
1087 2448 1171 2514 hanc
1191 2471 1275 2535 ope·
1289 2468 1321 2512 ss

147 2574 201 2619 rae
231 2574 302 2618 esse
331 2551 490 2618 credimus
518 2573 557 2617 ao
583 2574 624 2616 ne
651 2552 801 2617 mandato
827 2552 959 2636 quidem
986 2564 1096 2618 nostro
1125 2549 1207 2616 alios
1238 2550 1277 2617 id

147 2674 244 2740 agere
275 2652 473 2738 medicisque
506 2652 672 2738 provisum
707 2675 778 2718 esse
811 2675 871 2739 pro
898 2653 1009 2731 nobis;
1041 2651 1107 2740 ipsi
1133 2651 1276 2718 fruimm

147 2753 364 2840 voluptatibus
386 2764 428 2831 et,
449 2775 514 2838 quo
535 2753 614 2819 nihil
636 2754 784 2839 equidem
806 2754 993 2838 probrosius
1014 2755 1107 2831 duco,
1130 2752 1277 2819 vivimus

181 2966 250 3028 512.
274 2961 429 3025 pinsitvd.
453 2961 553 3025 paea
568 2963 600 3012 s.
619 2961 747 3024 fissan
768 3002 797 3013 ..
822 2963 938 3026 mate,
953 2955 1091 3012 savae.
1118 2955 1219 3024 oses.
1241 3000 1275 3015 ..

148 3029 235 3095 glorio,
246 3030 278 3079 R.
299 3070 329 3078 ..
348 3027 400 3090 bac,
413 3031 486 3080 codd.
500 3029 557 3082 Gel.
575 3027 640 3090 haec,
651 3028 734 3080 RVd

182 3100 250 3161 513.
277 3093 470 3156 Aemilianos.
490 3137 522 3145 -
549 3095 667 3159 Scipione,
682 3096 714 3144 R.
739 3138 769 3146 -
798 3095 921 3148 obsidioni.
939 3094 1036 3157 Alite.
1056 3135 1087 3145 ...
1110 3092 1235 3156 Africam,
1249 3098 1275 3146 d.

150 3203 180 3213 -
198 3161 313 3224 Massilia,
328 3154 468 3215 ORVTd.
495 3161 599 3223 Manlio,
615 3159 644 3225 β.
668 3164 702 3214 V.
718 3165 834 3232 interprr.
851 3165 882 3215 sd
894 3164 950 3216 Lis.
963 3166 1021 3229 epit.
1033 3168 1073 3214 ts.
1087 3170 1113 3215 ot
1124 3159 1278 3226 Schweign.

35 3273 38 3278 .
148 3233 180 3282 ad
198 3231 310 3295 Appian.
327 3231 435 3295 Hispan.
456 3237 495 3282 56.
518 3246 544 3295 p.
562 3235 620 3282 267.
648 3272 679 3281 -
708 3229 765 3293 ΙΠ,
783 3233 815 3282 R.
851 3231 936 3293 tribua,
959 3234 1032 3282 codd.
1050 3230 1107 3282 Get
1125 3225 1155 3291 β.
1180 3229 1276 3283 Omitt.

152 3292 305 3363 cvrum.
330 3340 361 3347 -
389 3297 482 3347 totidem
494 3314 563 3363 quoe,
576 3299 609 3349 V.
637 3296 729 3347 totidem
746 3308 809 3364 quot,
827 3297 1278 3361 Gronov.numsr0tarnafioanpra

149 3367 282 3418 exstincto.
304 3407 334 3416 -
352 3382 402 3429 suo,
417 3366 480 3417 RV.
499 3367 588 3419 omitt.
601 3366 653 3417 Td.
675 3408 703 3416 -
727 3366 875 3431 subscripsit,
894 3367 1007 3419 Gronov.
1033 3363 1142 3430 εονίρείε,
1158 3357 1276 3417 OVTd.

148 3432 283 3499 adso-ipsit,
302 3436 376 3485 codd.
390 3435 446 3486 Gel.
462 3430 490 3496 β.
517 3436 603 3485 Verba
619 3433 931 3499 assmpsit-Augustum
949 3449 1000 3484 om.
1017 3434 1050 3485 R.
1068 3474 1099 3483 ..
1127 3429 1277 3496 Aurum,

152 3495 291 3554 ORVTd.
317 3501 449 3566 depastam
467 3519 526 3563 cam,
541 3498 569 3564 β.
589 3543 620 3552 ..
647 3501 747 3565 manle,
766 3495 876 3553 ORVd.
903 3517 973 3561 cona,
990 3502 1022 3551 T.
1048 3498 1172 3560 consulam,
1187 3494 1218 3561 β
1239 3541 1276 3552 .-

149 3569 334 3634 Septembribus,
352 3571 384 3620 R.
416 3569 570 3635 Septembre,
591 3563 723 3635 dvuuy.
748 3612 778 3620 -
809 3567 871 3631 olio,
889 3570 921 3619 R.
949 3610 980 3618 ..
1009 3567 1098 3630 cimba,
1114 3568 1147 3618 R
1177 3565 1276 3630 cintus,

152 3629 262 3689 OVTd.
282 3679 312 3688 ..
331 3637 392 3685 sato
404 3653 452 3686 esse
463 3637 594 3700 uidebatur,
607 3637 639 3688 T.
658 3680 689 3687 -
709 3637 761 3700 hoc,
774 3641 797 3688 d.
810 3638 899 3690 Omitt.
911 3637 974 3687 BV.

183 3703 252 3766 §lt
280 3704 426 3766 laterano.
454 3705 534 3766 letare,
545 3707 579 3756 V.
598 3747 629 3755 ..
657 3704 753 3770 nepliyi,
769 3707 822 3756 Rd.
848 3720 889 3753 nec
901 3701 955 3769 lapi,
966 3703 1029 3754 VT.
1049 3745 1079 3753 -
1106 3698 1275 3766 modim,

149 3775 232 3825 V...
260 3772 414 3837 costipatffl.
434 3815 463 3823 -
491 3773 578 3838 pretio,
593 3766 725 3823 OVTdd.
748 3772 834 3838 pretia
849 3768 906 3833 Ββ.
933 3767 1186 3834 Accidere-preca,
1200 3769 1275 3822 Pina.

150 3882 181 3893 ..
201 3840 321 3905 itaquae,
333 3842 366 3891 V.
387 3882 417 3890 -
436 3840 499 3891 vitae
510 3840 603 3905 cupido,
615 3841 698 3891 RVd.
717 3837 802 3905 cupido
813 3838 885 3902 vitoe,
898 3834 920 3901 β
942 3877 948 3889 .

183 3912 251 3974 §lu
278 3909 446 3974 operam.
474 3925 550 3973 opero,
567 3901 625 3957 OT.
652 3907 725 3972 operi,
737 3912 761 3959 d.
781 3948 811 3957 ..
839 3854 1022 3969 easeJVTd.
1039 3901 1276 3967 omitt.1t(codd.

150 3973 220 4040 Get)
232 3973 260 4039 β.
281 4019 311 4026 -
335 3993 364 4025 oo
375 3993 411 4039 ne,
423 3979 455 4027 B.
479 3976 515 4038 de,
528 3977 612 4027 VTu.
634 3991 664 4024 ac
675 3990 724 4035 nec,
735 3971 764 4037 β.
788 3990 823 4036 ne,
837 3974 949 4026 Gronov.
961 3989 986 4040 γ.
1005 4015 1036 4024 ..
1054 3970 1175 4035 madan,
1187 3972 1276 4024 V²T.

150 4043 353 4109 mundatam.
379 4042 575 4105 mandumtcffl.
593 4083 625 4092 ..
648 4041 770 4106 protasium
781 4044 868 4104 est,K.
888 4085 919 4094 ..
942 4057 989 4108 pro
1000 4041 1072 4103 nota,
1084 4041 1199 4092 Gronov.
1223 4055 1277 4103 pro

151 4112 228 4174 bonis,
248 4107 388 4163 URVTd.
415 4107 884 4173 Prot‚t0nis‚ss.1³rotrosis‚1³int.
908 4153 939 4161 ..
967 4107 1136 4174 uoluptatibus,
1157 4100 1276 4162 Ov't'd.

151 4177 284 4244 voluptou'a,
297 4176 354 4242 Rss.
374 4220 404 4229 -
423 4197 476 4243 quo,
492 4172 632 4230 BRVTu.
651 4176 721 4242 quod,
734 4174 763 4239 β.
783 4220 813 4228 -
836 4175 1015 4242 equidmttd.
1037 4173 1171 4240 etqutdem,
1183 4177 1218 4228 V.
1239 4219 1274 4228 -.

151 4244 212 4308 duci,
223 4249 257 4298 V.
282 4287 312 4297 -
337 4246 452 4311 plerique,
469 4241 551 4299 OVd.
574 4244 693 4313 plenique,
708 4246 740 4297 lt.
765 4287 795 4296 ..
823 4244 895 4308 altra,
911 4238 940 4297 θ.
960 4286 990 4296 ..
1017 4243 1101 4294 inuri
1113 4258 1193 4293 motus
1210 4243 1277 4309 ἠως
