2896 4792
187 271 250 338 254
539 285 743 335 usrusssrs
765 286 961 335 merosus
1022 343 1027 353 ¹

185 440 296 506 hamos
317 435 473 512 curvatim
496 437 592 503 iidem
614 435 646 500 in
668 437 808 503 fistulam
829 437 909 503 flore
931 437 1072 504 demisso
1100 439 1181 502 mira
1201 438 1307 528 longi-

185 541 297 606 tudine
326 548 483 605 crescunt.
521 537 609 603 Ecce
630 559 704 604 cum
725 560 877 604 maxume
902 560 986 604 nova
1013 538 1116 623 forma
1142 562 1253 605 eorum
1274 542 1308 607 in
1322 558 1353 607 er

186 638 367 726 Campania
387 638 536 727 provenit
557 637 633 704 mali
655 638 777 705 cotonei
800 639 920 728 effigie.
953 639 1052 706 Forte
1073 640 1177 726 primo
1197 652 1308 707 natum

184 742 230 809 ita
251 741 348 807 audio
369 763 479 819 unum,
500 762 577 805 mox
600 740 721 806 semine
743 763 784 806 ex
805 741 859 806 illo
881 763 985 827 genus
1006 742 1143 818 factum;
1165 745 1308 829 melope-
1334 826 1336 828 Ι

183 865 286 932 ponas
307 852 432 909 vocant.
455 840 531 906 Non
552 841 694 926 pendent
714 841 747 905 hi
769 842 826 906 sed
840 842 930 907 humi
943 845 1165 908 rotundant'ur.
1186 843 1309 910 Mirum

183 947 218 1013 in
240 946 292 1012 his
313 955 442 1031 praeter
461 943 600 1029 figuram
621 943 821 1027 coloremque
844 955 875 1009 et
896 945 1044 1022 odorem,
1066 946 1153 1030 quod
1174 949 1307 1012 maturi-

183 1058 280 1113 tatem
308 1045 418 1131 adepti
450 1066 643 1129 quamquam
668 1066 733 1109 non
765 1045 944 1130 pendentes
978 1046 1086 1110 statim
1112 1069 1132 1110 a
1159 1047 1307 1133 pediculo

182 1148 347 1215 recedunt.
392 1143 572 1212 Columella
596 1168 689 1212 suum
711 1146 808 1212 tradit
828 1159 1048 1225 (tormentum,
1076 1159 1114 1212 ut
1135 1157 1200 1214 toto
1221 1171 1306 1215 anno
1320 1164 1352 1212 ss

182 1250 380 1336 contingant,
398 1247 547 1313 fruticem
565 1246 638 1312 rubi
660 1269 754 1332 quam
770 1248 986 1314 vastissimum
999 1250 1034 1312 in
1045 1250 1190 1334 apricum
1201 1251 1306 1317 locum

183 1351 354 1419 transferre
381 1360 414 1415 et
440 1348 598 1428 recidere,
625 1349 726 1433 duum
755 1348 929 1434 digitorum
950 1350 1062 1416 relicta
1082 1352 1199 1438 stirpe,
1221 1352 1306 1420 circa

181 1476 315 1523 vernum
336 1449 591 1535 aequinoctium
612 1450 659 1514 ita
680 1449 714 1514 in
735 1450 874 1516 medulla
895 1451 968 1516 rubi
988 1452 1109 1518 semine
1124 1457 1306 1522 cucumeris

181 1555 290 1632 insito,
313 1565 400 1620 terra
421 1553 545 1617 minuta
564 1552 703 1635 fimoque
719 1551 1013 1642 circumaggeratas
1028 1554 1177 1621 resistere
1192 1556 1305 1643 frigori

182 1657 319 1723 radices.
342 1652 560 1720 Cucumerum
592 1651 710 1719 Graeci
732 1653 794 1718 tria
815 1675 937 1742 genera
958 1654 1074 1734 fecere,
1096 1655 1303 1736 Laconicum,

182 1754 391 1841 Scytslicum,
413 1754 622 1831 Boeoticum3
646 1777 687 1820 ex
709 1754 759 1820 his
781 1765 906 1820 tantum
914 1755 1112 1823 Laconicum
1125 1780 1208 1842 aqua
1221 1781 1304 1847 gau-

183 1857 270 1924 dere.
294 1853 397 1922 .Sunt
417 1856 474 1941 qui
496 1855 597 1922 herba
617 1877 702 1941 quae
724 1867 858 1921 vocatur
884 1857 970 1922 culix
996 1859 1124 1929 nomine
1150 1859 1225 1924 trita
1253 1883 1304 1926 se·

183 1979 256 2023 men
280 1979 391 2023 eorum
411 1969 608 2023 maceratum
630 1957 693 2022 seri
713 1957 844 2022 iubeant
857 1969 893 2022 ut
908 1958 975 2023 sine
988 1959 1108 2025 semine
1121 1973 1304 2027 nascantur.

226 2060 277 2123 24.
314 2056 436 2124 Similis
462 2069 496 2124 et
523 2057 698 2124 cucurbitis
719 2068 849 2137 natura,
876 2059 1046 2124 dumtaxat
1071 2061 1105 2125 in
1127 2061 1303 2141 nascend03
1318 2075 1351 2121 69

182 2181 283 2244 aeque
303 2159 439 2225 hiemem
461 2159 567 2237 odere,
589 2168 696 2224 amant
713 2160 808 2245 rigua
826 2164 864 2225 a'c
883 2160 1003 2225 fimum.
1030 2159 1191 2227 Seruntur
1211 2163 1306 2230 ambo

183 2260 305 2327 semine
324 2260 359 2326 in
382 2271 467 2327 terra
489 2258 703 2346 sesquipedali
723 2260 851 2326 fossura
870 2261 954 2326 iuter
974 2260 1211 2346 aequinoctium
1231 2286 1306 2329 ver-

180 2384 258 2429 num
279 2372 312 2428 et
332 2361 516 2440 solstitium,
538 2360 699 2426 Parilibus
719 2370 826 2426 tamen
847 2361 1022 2447 aptissime.
1049 2357 1162 2449 Aliqui
1182 2365 1306 2430 malunt

182 2485 222 2528 ex
249 2462 396 2528 kalendis
418 2461 517 2526 Mart.
541 2461 723 2527 cucurbitas
746 2472 777 2527 et
796 2461 889 2528 nonis
912 2463 1055 2528 cucumis
1077 2474 1109 2528 et
1129 2486 1189 2550 per
1210 2465 1304 2548 quin·

181 2575 314 2650 quattus
341 2586 463 2643 serere,
493 2563 588 2629 simili
614 2565 710 2629 modo
736 2563 939 2651 reptantibus
966 2564 1102 2651 flagellis
1125 2566 1305 2632 scandentis

183 2687 241 2753 per
272 2664 433 2752 parietum
465 2686 579 2752 aspera
610 2664 645 2729 in
674 2674 794 2731 tectum
822 2687 925 2749 usque
957 2678 1072 2731 natura
1101 2665 1304 2733 sublimitatis

182 2766 286 2832 avida
309 2764 406 2832 Vires
428 2766 496 2831 sine
517 2764 712 2831 adminiculo
734 2766 840 2831 standi
861 2789 926 2831 non
949 2777 1033 2846 sunt,
1055 2767 1207 2833 velocitas
1228 2790 1303 2854 per-

181 2865 253 2945 nix,
281 2866 345 2933 levi
372 2866 487 2931 umbra
516 2887 659 2933 camaras
687 2889 725 2933 ac
746 2867 899 2957 pergulas
919 2868 1078 2954 operiens.
1121 2867 1203 2934 Inde
1221 2868 1304 2935 ‘haec
1318 2879 1351 2927 ⁷0

182 2967 286 3053 prima
306 2967 371 3033 duo
392 2988 525 3055 genera,
548 2967 757 3033 camararium
778 2978 811 3033 et
832 2967 994 3053 plebeium
1017 2990 1081 3053 quo
1103 2969 1191 3034 humi
1207 2970 1301 3055 repit.

182 3169 304 3291 dff'lfi'
314 3172 411 3236 Appul.
422 3132 638 3240 fistulo‚acdssr.
657 3215 688 3226 ..
705 3173 814 3238 maso,
826 3175 924 3240 Appul.
943 3174 1046 3237 dimum,
1057 3178 1121 3226 acd.
1135 3216 1168 3226 ..
1185 3175 1302 3240 mupnits·

216 3274 284 3371 sias.
308 3304 346 3355 m
356 3321 414 3368 m,
425 3323 447 3357 e.
460 3348 492 3359 ..
507 3324 560 3359 snm
570 3325 693 3374 me
705 3325 751 3374 pro
763 3311 805 3361 m
816 3325 856 3360 vv,
868 3312 967 3375 spen.
978 3312 1056 3361 hasa
1067 3312 1091 3360 a
1104 3311 1241 3375 qusquam,
1258 3312 1302 3375 qus

182 3376 237 3439 ipsc
246 3375 382 3438 scripserat
393 3374 470 3438 mouit
479 3392 552 3440 quom
564 3393 598 3428 se.
610 3379 709 3428 Plinius
721 3377 782 3428 coll.
794 3393 820 3443 p.
832 3383 890 3438 265,
905 3385 945 3428 12.
963 3419 995 3427 -
1012 3379 1154 3442 maneat,
1164 3380 1255 3429 Dslec.
1272 3416 1300 3425 ..

182 3439 360 3506 mlopcps'acm,
372 3443 416 3506 Ap
434 3444 469 3494 ul.
488 3484 520 3495 -
535 3443 682 3508 psallentii,
694 3446 759 3495 scd.
774 3443 906 3509 pandentis,
918 3445 1015 3510 Appul.
1035 3487 1067 3495 -
1085 3454 1114 3502 et,
1127 3448 1151 3495 d.
1170 3486 1201 3495 .-
1224 3452 1302 3494 muos-

182 3507 279 3592 ἔφη,
291 3512 316 3560 d.
325 3458 500 3629 {camdus}
511 3511 608 3629 Appnl.
624 3511 800 3574 retardantur,
811 3528 834 3562 a
850 3520 930 3562 rutum
943 3520 1073 3576 tanturm
1091 3515 1158 3564 Huic
1169 3515 1246 3564 verbo
1257 3515 1315 3562 ad:

182 3584 285 3709 midd-
298 3593 598 3709 oliolwdcllzioXLpgm,
615 3647 659 3696 ubi
675 3662 699 3696 v.
711 3647 858 3698 &insides
870 3662 895 3710 p.
908 3650 966 3698 sat.
994 3645 1044 3698 001.
1062 3645 1138 3696 tradd
1152 3645 1302 3698 Mcndssisau
1349 3640 1355 3646 ’

182 3719 341 3775 maenus,
352 3713 420 3765 Pint.
433 3754 465 3764 ..
483 3713 612 3780 cthapst,
623 3717 647 3764 d
661 3754 692 3764 ..
710 3712 852 3778 ScytuHM,
863 3715 943 3764 Tum.
955 3716 1012 3764 adv.
1026 3721 1066 3777 10,
1079 3721 1162 3765 mex
1170 3716 1302 3780 llrecphr.

183 3780 243 3831 hist
253 3780 334 3845 plant
346 3780 408 3831 m
422 3787 446 3841 4,
460 3787 483 3831 6.
501 3820 533 3830 ..
555 3797 619 3845 qaus
629 3789 687 3846 post
697 3797 722 3831 v.
734 3781 825 3831 noram
836 3781 963 3832 collocant
974 3784 1037 3832 scd.
1057 3822 1088 3831 ..
1103 3782 1180 3844 crisa,
1192 3799 1234 3833 ac.
1256 3781 1301 3831 tn'·

184 3854 240 3909 m,
252 3849 277 3897 d.
294 3845 394 3909 adtitu,
405 3847 501 3912 Appul.
519 3888 552 3898 ..
570 3849 855 3909 marcomanicum
873 3847 998 3910 merari,
1010 3850 1106 3914 Appul

212 3917 283 3978 4⁵⁹·
310 3923 389 3978 atqua
401 3930 422 3965 c.
436 3955 468 3966 -
486 3915 648 3976 strumae.
666 3931 697 3964 es
710 3915 788 3978 nonis,
801 3919 825 3966 d.
843 3957 875 3966 ..
892 3915 1002 3978 mmmis,
1014 3920 1077 3967 scd.
1095 3932 1235 3976 meres,
1246 3912 1301 3981 197.

183 4022 214 4033 ..
224 3983 451 4046 ,capariensis
461 3998 508 4033 uos
520 3984 671 4047 scripsimus
687 3998 732 4046 per
743 3990 854 4044 crucum,
870 3975 939 4034 Oce.
956 3999 1000 4047 per
1010 3991 1120 4045 artetum,
1131 3988 1156 4035 d.
1172 3983 1300 4048 pasalan,

182 4045 346 4179 wider.
372 4091 402 4100 -
430 4049 529 4112 lani‚K.
552 4091 584 4102 -
608 4047 850 4114 pcryulusopericaa
863 4064 887 4100 a.
910 4049 1015 4116 perpulo
1025 4051 1139 4115 operiens,
1150 4054 1175 4101 d.
1200 4051 1303 4116 perpulsa

291 4154 297 4178 ,
324 4153 331 4167 .

215 4185 283 4247 §70-
309 4182 476 4245 Indc,om.d.
500 4225 530 4234 ..
552 4184 758 4244 rammasse.
784 4180 992 4250 dacprisnassr.
1014 4227 1046 4236 ..
1076 4188 1207 4248 quanm.
1230 4184 1302 4248 qaod,

181 4244 232 4313 βγ.
252 4291 282 4299 ..
305 4251 380 4314 repit,
392 4267 438 4315 pro
450 4252 475 4301 h.
488 4268 511 4301 v.
523 4253 620 4303 hebent
631 4250 699 4301 credi
708 4253 772 4303 aad.
797 4294 827 4302 ..
846 4251 992 4318 μίμων,
1004 4246 1125 4304 OTecd.
1144 4253 1302 4317 justicium,
