2896 4792
444 283 514 327 arn.
531 281 605 328 xrx.
634 279 712 326 cnr.
729 278 804 326 vrn.
833 277 931 326 sacr.
948 281 979 322 u.
994 279 1025 321 a.
1224 260 1286 325 att

166 436 343 525 longinqua
371 431 486 501 viridis
505 431 682 511 adservari,
706 431 733 495 si
756 431 862 495 statim
884 428 1005 495 desecti
1026 427 1072 492 ita
1092 449 1133 494 ne
1155 428 1288 495 humum

167 537 328 624 attingant
348 535 382 601 in
404 533 501 600 cados
523 532 584 598 olei
606 554 703 616 quam
723 551 880 618 proxume
902 530 1037 596 siccatos
1058 528 1289 616 obturatosque

167 638 346 706 condantur
366 633 452 702 omni
474 633 591 719 spiritu
612 633 752 700 excluso.
785 632 870 699 Sunt
890 632 946 717 qui
967 631 1110 718 plantam
1130 631 1165 695 in
1182 642 1288 697 trana-

168 737 302 806 lerendo
330 737 404 824 alga
430 733 561 801 subdita
585 734 733 820 pediculo
754 733 870 799 nitrive
893 733 960 798 triti
985 732 1081 818 quod
1102 731 1205 797 tribus
1237 731 1288 808 di·

168 840 245 929 gitis
272 838 418 925 capiatur
442 836 625 902 celeriorem
651 835 693 900 ad
720 835 935 900 maturitatem
960 833 1031 899 fieri
1056 843 1186 920 puteut3
1216 844 1290 901 sunt

167 939 223 1027 qui
254 961 363 1007 semen
390 937 488 1003 trifoli
516 937 701 1022 nitrumque
727 935 824 1002 simul
844 936 955 1001 tritum
977 935 1175 1023 adspergant
1194 935 1290 1002 foliis.

167 1043 299 1108 Nitrum
320 1041 355 1105 in
376 1039 543 1126 coquendo
559 1038 654 1105 etiam
671 1037 865 1104 viriditatem
886 1037 1037 1117 custodit,
1058 1046 1114 1103 aut
1131 1035 1291 1123 Apiciana

167 1153 312 1222 coctura,
341 1142 412 1207 oleo
434 1163 472 1207 ac
493 1141 574 1219 sale,
602 1139 788 1225 priusquam
810 1149 989 1224 coquantur
1014 1138 1193 1205 maceratis.
1228 1137 1352 1205 Fae-ru

167 1246 251 1312 inter
271 1243 388 1309 herbas
418 1263 523 1331 genus
548 1239 712 1306 inserendi
738 1239 893 1327 praecisis
913 1238 1115 1326 germinibus
1135 1249 1169 1305 et
1190 1238 1290 1306 caulis

167 1345 202 1410 in
223 1345 397 1410 medullam
421 1341 542 1409 semine
563 1364 605 1407 ex
627 1340 697 1406 aliis
718 1340 844 1417 addit03
867 1339 929 1405 hoo
951 1351 984 1406 et
1004 1341 1039 1405 in
1053 1362 1222 1407 cucumere
1233 1340 1290 1407 sil·

144 1445 278 1513 vestri.
300 1445 371 1511 Nec
392 1466 457 1509 non
478 1444 550 1509 olus
571 1463 699 1528 quoque
721 1441 866 1508 silvestre
888 1451 937 1507 est
957 1439 1025 1506 divi
1044 1440 1106 1506 Iuli
1129 1442 1291 1528 triumpho

168 1546 363 1613 carminibus
385 1543 558 1631 praecipue
579 1543 722 1627 iocisque
743 1542 937 1610 militaribus
958 1540 1170 1620 celebratum3
1193 1544 1290 1610 alter·

167 1649 218 1715 nis
247 1649 367 1736 quippe
395 1646 544 1713 versibus
572 1644 809 1732 exprobravere
834 1644 970 1731 lapsana
996 1644 1177 1711 revixisse
1203 1645 1292 1733 apud

165 1749 395 1827 Durrachium,
418 1747 635 1836 praemiorum
648 1746 877 1833 parsimoniam
892 1745 1095 1826 cavillantes3
1118 1759 1170 1812 est
1184 1756 1301 1814 autem

166 1851 201 1917 id
223 1872 317 1936 cyma
337 1849 504 1916 silvestris.

206 1952 261 2017 42.
287 1947 443 2018 Omnium
468 1949 502 2015 in
534 1948 636 2014 bortis
666 1970 774 2017 rerum
801 1949 980 2015 lautissima
1008 1972 1087 2016 cura
1111 1951 1290 2038 asparagis.
1305 1964 1352 2009 145

165 2051 220 2119 De
248 2050 372 2139 origine
405 2072 515 2117 eorum
542 2051 575 2115 in
603 2050 804 2117 silvestribus
832 2051 919 2117 curis
951 2051 1081 2118 abunde
1108 2051 1230 2118 dictum
1257 2063 1292 2119 et

166 2153 327 2239 quomodo
350 2174 406 2219 eos
427 2153 555 2220 iuberet
576 2149 658 2219 Cato
679 2152 714 2217 in
735 2151 959 2218 harundinetis
983 2153 1054 2219 seri.
1077 2151 1140 2220 Est
1155 2165 1188 2220 et
1201 2154 1290 2221 aliud

165 2276 270 2344 genus
290 2253 442 2322 incultius
457 2236 640 2342 'asparagd,
672 2255 783 2320 mitius
805 2253 957 2333 corruda,
990 2254 1112 2340 passim
1137 2255 1236 2321 etiam
1256 2253 1290 2321 in

166 2354 330 2421 montibus
350 2377 497 2434 nascens,
520 2354 649 2420 refertis
673 2355 845 2441 superioris
861 2353 1057 2422 Germaniae
1070 2356 1203 2443 campis,
1224 2378 1290 2424 nou

165 2456 293 2523 inficeto
319 2455 432 2522 Tiberi
460 2454 611 2522 Caesaris
643 2456 729 2522 dicto
767 2456 899 2522 herbam
931 2455 978 2521 ibi
1009 2457 1169 2541 quandam
1200 2458 1290 2525 nasci

165 2632 242 2682 misit.
261 2627 375 2679 ciridzbuc
385 2626 522 2688 armatu,
533 2623 585 2693 βγ.
604 2670 636 2678 -
654 2626 747 2689 deserti,
759 2630 803 2681 Td
816 2626 939 2693 (Appul.)
956 2624 1049 2692 desae,
1066 2644 1088 2679 c.
1106 2626 1197 2690 directi,
1214 2648 1237 2681 a.
1257 2672 1287 2682 ..

165 2697 298 2759 cadorcii,
315 2696 412 2761 Appul.
437 2737 465 2745 -
494 2693 678 2760 obduratusque,
695 2694 729 2746 cl.
755 2695 933 2760 optatamque,
950 2696 1005 2746 Tu.
1028 2737 1059 2746 -
1086 2695 1225 2758 condamm,
1242 2700 1288 2750 Tu

165 2764 289 2831 (Appul.)
315 2763 455 2825 cumanum,
471 2759 560 2827 αοβγ.
579 2805 611 2814 ..
634 2762 720 2812 nitrive
736 2764 794 2824 triti,
811 2765 848 2814 Τ.·
868 2754 1064 2832 nim'sssneslstriti
1077 2766 1101 2815 d.
1127 2765 1288 2830 uinuaed-iti,

165 2850 207 2885 ae.
234 2834 323 2884 citrove
336 2827 461 2896 tritqssr.
480 2872 511 2882 ..
534 2829 770 2895 mmenmfoliiac.
794 2831 1014 2897 cemmuisolii,d.
1037 2873 1069 2883 ..
1092 2831 1287 2898 umorquaac.

164 2901 259 2964 nitram,
271 2904 295 2952 d.
315 2941 346 2950 ..
368 2897 469 2948 eaemdit
480 2896 632 2963 viriditates,
644 2901 668 2950 d.
686 2938 720 2949 ..
742 2904 769 2950 ct
779 2899 805 2949 in
815 2896 946 2964 Apiciana,
957 2894 1046 2950 Deles.
1067 2898 1134 2952 tarni
1151 2902 1288 2965 legendum

163 2971 262 3020 videtur
272 2977 328 3018 ante
339 2965 369 3031 (i.
382 2983 403 3018 e.
415 2963 509 3030 antea),
523 2973 552 3016 ut
562 2968 629 3021 Pliu.
640 2966 709 3017 dicat
719 2968 814 3018 nitrum
826 2968 940 3019 caulibus
952 2968 979 3019 in
988 2970 1124 3032 coquendo
1135 2970 1287 3022 viriditatem

164 3039 300 3100 custodire,
317 3037 337 3087 si
354 3044 436 3096 antea,
453 3035 599 3100 priusquam
616 3043 766 3101 coquantur,
783 3036 911 3101 Apiciana
926 3043 1033 3087 coctura
1046 3037 1064 3086 i.
1076 3051 1098 3087 e.
1116 3038 1175 3088 oleo
1192 3053 1222 3089 ac
1233 3039 1287 3091 sale

163 3106 213 3157 siut
226 3104 353 3156 macerati.

197 3203 284 3264 5144.
307 3201 432 3266 inserendi,
449 3217 470 3255 c.
493 3201 630 3264 inserenda,
646 3204 691 3254 ad.
711 3245 742 3253 -
766 3210 789 3252 et
799 3201 911 3253 malicia
924 3200 1063 3267 medullam,
1080 3206 1117 3257 ita
1126 3209 1234 3258 noaecri
1266 3209 1286 3258 i-

163 3287 228 3322 mus.
246 3277 270 3318 et
280 3269 356 3319 rauba
367 3277 391 3318 et
400 3269 426 3319 in
437 3267 571 3332 medullam,
583 3273 629 3321 ad.
651 3277 675 3319 et
685 3269 760 3321 walia
771 3279 794 3320 et
805 3267 938 3334 medullosa,
950 3286 972 3322 c.
994 3271 1071 3322 cauda
1081 3280 1104 3321 et
1115 3273 1140 3322 iu
1151 3223 1286 3339 medulblu,

162 3333 214 3402 βγ.
235 3374 266 3387 -
292 3335 381 3398 abdito,
395 3353 415 3387 r.
433 3378 464 3387 -
492 3335 544 3385 olus
560 3353 650 3400 quoque
665 3336 772 3386 silvecm
789 3344 830 3398 ert,
846 3341 909 3390 aad.
935 3346 971 3387 est
985 3337 1092 3389 advester
1107 3339 1159 3390 clue
1175 3340 1286 3406 lapsana,

163 3405 261 3470 Appul.
277 3421 302 3469 p.
315 3410 371 3456 280.
392 3445 422 3454 ..
448 3403 492 3452 tivi
501 3402 547 3452 iuli
557 3402 680 3467 triumpho,
692 3405 789 3470 Appul.
813 3406 883 3454 tuum
890 3404 1016 3468 saliemus,
1033 3405 1085 3457 divi
1093 3406 1159 3471 Iulii,
1171 3406 1285 3477 acdssr.

165 3471 346 3536 triumphorum,
363 3473 481 3524 Torreat.
500 3472 532 3522 ad
550 3471 619 3523 Suet.
638 3471 711 3522 Caes.
729 3478 769 3524 68.
796 3471 978 3536 triumpharet
995 3476 1080 3539 potius
1098 3475 1285 3541 triumphalibus,

163 3541 252 3592 Dalec.
265 3539 398 3592 Perillam
409 3539 537 3603 egregiam
548 3539 581 3590 ab
593 3538 723 3604 Appuleio
736 3547 860 3591 servatam
872 3539 1023 3604 scripturam
1032 3543 1097 3593 mira
1108 3544 1153 3594 illa
1164 3547 1215 3597 divi
1226 3546 1286 3597 Iulii

164 3610 276 3659 earmina
288 3617 448 3669 evanescunt,
460 3623 518 3660 cum
529 3609 661 3671 genetivus
672 3605 724 3656 diei
732 3605 794 3657 Iulii
803 3622 856 3658 uon
867 3607 976 3673 amplius
987 3612 1097 3673 pendeat
1108 3627 1124 3662 a
1135 3612 1285 3676 carreiam,

164 3679 208 3726 sed
224 3677 289 3726 haec
303 3677 359 3740 ipsa
374 3691 428 3725 vox
443 3676 477 3727 sit
492 3676 669 3740 coniungenda
681 3690 738 3725 cum
755 3673 908 3739 militarum
926 3679 1021 3741 copula
1033 3695 1077 3742 que
1088 3695 1149 3730 vero
1161 3697 1194 3731 ex
1205 3682 1286 3733 notis·

164 3743 229 3791 simo
242 3743 288 3792 illo
300 3759 349 3793 usu
360 3743 512 3807 explicanda
523 3751 572 3804 est,
590 3759 642 3809 quo
654 3758 685 3793 ea
695 3743 843 3808 saepissime
855 3745 917 3794 duas
928 3759 1003 3796 voces
1015 3747 1126 3798 eiusdem
1144 3764 1234 3800 sensus
1249 3751 1287 3801 ita

165 3810 916 3930 ἓοὲζῖῃῗὲθῗῙίῗέῗῗίἒῆῑῑέρέἶὲώοῗὶῗωῗὲἓῑῗῖῗῗῖ
939 3828 963 3862 V·
979 3816 1076 3893 ”⁰⁸³³
1094 3821 1193 3932 ³⁶’a¹0⁵·'
1211 3818 1286 3935 “⁰01¹

272 3913 350 3926 ..
587 3895 1196 3939 umo.a‚·...aeottteas

166 3985 196 3992 -
216 3942 503 4008 astantem-silvestria,
515 3948 578 3996 aed.
596 3895 1101 4018 eapetcymasilverau'sfflppblqpbbel.
1195 3899 1248 3947 que,

199 4041 213 4102 5
228 4047 284 4093 145.
307 4042 332 4091 in
343 4042 417 4092 laerta
428 4055 513 4108 rerum,
523 4047 557 4098 Τ.
581 4045 655 4096 bortis
666 4065 752 4112 rerum,
764 4050 829 4100 aed.
854 4047 1031 4113 hortenaiorum,
1042 4046 1094 4115 βγ.
1113 4092 1145 4101 -
1168 4051 1285 4104 arcaea

163 4109 277 4170 simaT.
296 4151 327 4160 -
351 4111 446 4162 inante
457 4111 600 4170 aberratur
616 4116 697 4166 omitt.
710 4119 775 4168 aed.
793 4157 824 4167 -
851 4115 951 4179 abunda
968 4121 1032 4169 aad.
1057 4117 1234 4184 abanim&
1252 4162 1284 4174 .-

164 4175 426 4241 dietum16,173...
449 4183 575 4241 eas‚aed.
594 4221 626 4232 ..
650 4182 870 4245 amndaemacd.
888 4224 920 4235 ..
944 4183 1178 4247 iammtrbeaacd.
1201 4191 1284 4240 aona-

44 4324 52 4339 ·
163 4246 213 4307 ca
225 4241 276 4311 rr.
293 4286 326 4298 -
344 4239 582 4335 caeperunt
594 4247 730 4312 asar,
747 4246 899 4316 spaerae.

1063 4319 1080 4353 st
1186 4330 1193 4351 a
