2896 4792
344 310 416 356 nra.
430 309 533 357 xvnr.
549 305 641 386 ¹car.
656 307 801 356 vn..1x.
830 304 929 353 sacr.
946 307 1028 351 rs-eo.
1187 289 1247 356 159

125 471 260 528 utuntur
291 482 357 525 non
388 458 507 526 habent
538 459 597 523 far.
633 457 698 522 Est
724 467 757 522 et
777 457 858 523 haec
878 455 992 521 Italiae
1013 455 1048 521 in
1071 452 1249 542 Campania

125 583 276 629 maxume
304 581 475 644 semenque
501 558 696 658 appellatum
729 557 791 623 hoc
817 558 914 623 habet
939 579 1055 621 nomen
1080 579 1132 622 res
1153 579 1249 643 prae·

126 661 228 740 olara,
256 672 293 727 ut
312 682 389 725 mox
411 659 613 735 docebimus,
641 668 774 744 propter
801 680 896 743 quam
917 656 1079 722 Homerus
1107 659 1251 742 <eduma

129 761 248 846 ἄρουρα
270 760 366 838 dixit,
389 781 465 837 non,
487 768 524 823 ut
545 757 644 843 aliqui
665 758 878 836 arbitrantur,
901 758 1052 841 quoniam
1074 758 1172 823 vitam
1193 757 1251 823 do·

126 872 229 930 naret.
250 861 405 944 Amylum
427 881 554 943 quoque
576 881 617 925 ex
645 880 683 923 ea
710 858 748 922 fit
772 859 878 944 priore
901 858 1055 936 crassius3
1082 859 1162 924 hacc
1184 859 1252 926 sola

12 954 23 965 “
127 961 310 1031 differentia
336 970 395 1033 est.
437 959 490 1026 Ex
516 958 602 1024 omni
629 981 747 1046 genere
775 957 981 1023 durissimum
1007 960 1056 1023 far
1082 970 1115 1023 et
1140 970 1297 1030 contrane

100 1063 250 1129 biemes
283 1060 517 1135 firmissimum
553 1060 675 1145 patitur
709 1059 937 1146 frigidissimos
968 1059 1055 1124 locos
1083 1070 1114 1125 et
1144 1061 1251 1126 minus

130 1164 283 1232 subactos
311 1162 363 1227 vel
389 1173 555 1225 aestuosos
583 1159 796 1244 sitientisque.
831 1159 961 1225 Primus
988 1161 1127 1244 antiquis
1153 1161 1251 1229 Latio

128 1263 236 1341 cibus,
268 1284 386 1348 magno
414 1270 602 1346 argumento
624 1259 658 1324 in
680 1260 817 1324 adoreae
839 1259 947 1338 donis,
975 1260 1070 1326 sicuti
1092 1262 1250 1343 diximus3

128 1366 219 1451 pulte
240 1375 365 1440 autem,
387 1385 453 1427 non
475 1385 559 1448 pane
580 1360 701 1426 vixisse
722 1361 819 1446 longo
841 1371 982 1444 tempore
996 1361 1161 1428 Romanos
1182 1387 1251 1428 ma·

128 1464 297 1542 nifestum,
331 1463 483 1547 quoniam
514 1472 547 1526 et
579 1460 792 1547 pulmentaria
817 1460 976 1545 hodieque
1005 1462 1165 1528 dicuntur.
1204 1463 1252 1543 ,Et
1265 1486 1299 1531 ss

129 1563 259 1633 Ennius
274 1563 515 1647 antiquissimus
528 1573 619 1627 vates
634 1562 813 1629 obsidionis
827 1562 943 1626 famem
958 1563 1141 1648 exprimens
1155 1563 1254 1633 offam

132 1665 290 1751 eripuisse
322 1663 522 1750 plorantibus
554 1662 663 1728 liberis
689 1673 798 1750 patres
826 1673 1049 1732 conmemorat
1084 1663 1130 1728 Et
1157 1664 1253 1731 hodia

132 1787 222 1832 sacra
249 1765 357 1852 prisca
386 1775 482 1849 atque
508 1763 663 1830 natalium
691 1764 779 1849 pulte
800 1763 909 1828 fritillo
931 1765 1142 1830 conficiuntur
1162 1767 1253 1832 vide·

131 1877 247 1949 turque
270 1877 336 1934 tam
355 1867 428 1952 puls
449 1866 561 1953 ignota
576 1864 730 1931 Graeciae
749 1866 851 1930 fuisse
869 1887 966 1950 quam
984 1865 1098 1934 Italiae
1111 1870 1252 1954 polenta.

172 1968 223 2035 20.
257 1967 371 2034 Tritici
399 1967 519 2032 semine
547 1966 673 2032 avidius
693 1967 816 2031 nullum
837 1977 887 2031 est
907 1988 968 2032 neo
988 1969 1075 2051 quod
1096 1970 1170 2056 plus
1192 1969 1251 2034 ali·
1264 1988 1298 2035 ss

130 2068 229 2136 menti
244 2069 358 2135 trabat.
383 2066 552 2153 Siliginem
573 2066 702 2152 proprie
724 2067 861 2134 dixerim
882 2068 981 2133 tritici
1002 2069 1151 2147 delicias3
1174 2092 1253 2135 oan-

130 2168 190 2235 dor
215 2181 265 2235 est
290 2180 324 2236 et
352 2170 420 2237 sine
447 2169 582 2247 virtute,
616 2169 685 2235 sine
714 2169 875 2253 pondere,
910 2170 1103 2237 conveniens
1133 2170 1253 2236 umidis

131 2269 296 2350 tractibus,
319 2272 430 2354 quales
450 2269 564 2336 Italiae
579 2281 655 2335 eunt
669 2281 701 2335 et
719 2267 844 2335 Galliae
856 2267 1021 2350 Comatae,
1044 2272 1102 2337 sed
1117 2283 1149 2337 et
1162 2283 1253 2337 trans
1269 2348 1272 2357 Ι

130 2366 227 2455 Alpis
247 2372 282 2436 in
302 2370 518 2459 Allobrogum
539 2382 662 2437 tantum
684 2369 966 2454 Meminornmque
986 2395 1065 2459 agro
1086 2373 1235 2458 pertinax
1241 2397 1251 2451 ς

130 2470 164 2538 in
186 2470 301 2538 ceteris
320 2470 368 2535 ibi
389 2470 536 2555 partibus
557 2470 687 2539 biennio
705 2471 738 2535 in
753 2471 893 2539 triticum
915 2473 1040 2537 transit.
1061 2473 1253 2538 Remedium

131 2580 169 2635 ut
189 2569 380 2657 gravissima
401 2591 545 2655 quasque
567 2593 669 2657 grane
697 2569 766 2635 eius
793 2579 949 2637 serantur.
980 2571 1047 2637 IX.
1073 2572 1105 2637 E
1127 2574 1254 2658 siligine
1265 2589 1298 2634 ss

129 2670 327 2739 lautissimus
337 2670 430 2757 panis
441 2671 712 2755 pistrinarumque
724 2691 823 2756 opera
831 2671 1060 2737 laudatissima.
1081 2671 1255 2738 Praecedit

131 2771 165 2841 iu
186 2770 289 2850 Italia,
320 2772 347 2837 si
370 2769 538 2856 Campana
558 2770 645 2835 Pisis
667 2782 762 2837 natae
783 2772 957 2836 misceatur
963 2798 973 2851 3
1001 2770 1101 2839 rufior
1126 2772 1197 2852 illa,
1219 2783 1254 2838 at

131 2870 253 2941 Pisana
285 2872 451 2941 candidior
481 2871 757 2958 ponderosiorque
796 2883 953 2940 cretacea.
997 2872 1124 2938 Iustum
1157 2883 1207 2940 est
1233 2896 1256 2940 e

132 2994 233 3056 grano
255 2971 455 3059 Campanae,
489 2996 587 3056 quam
609 2984 725 3040 vocant
746 2982 934 3052 munaum,
968 2995 986 3039 e
1013 2974 1120 3039 modio
1144 2974 1255 3044 redire
1288 3032 1292 3040 .

133 3076 287 3141 sextarios
308 3085 460 3160 quattuor
482 3074 618 3162 siliginis
639 3075 692 3139 vel
713 3096 731 3138 e
752 3073 877 3160 gregali
900 3074 968 3139 sine
983 3085 1162 3141 castratura
1177 3099 1252 3142 sex·

166 3236 234 3308 §sn
260 3245 405 3307 erasme.
423 3245 543 3306 naua,
556 3244 684 3306 aaran
697 3238 726 3295 θ.
746 3285 778 3295 -
800 3243 1026 3309 recuperem
1048 3222 1252 3314 zaream,

134 3313 207 3361 codd.
219 3311 275 3362 Gel.
287 3326 312 3377 γ.
329 3311 416 3362 Italico
424 3328 518 3376 paren,
532 3314 556 3361 d.
575 3353 607 3362 ,.
628 3309 764 3375 θαηιραηίρ,
776 3327 799 3362 a
813 3352 845 3362 ..
863 3311 1020 3378 ὀοσεὸίηιως
1034 3320 1091 3366 112.
1109 3357 1141 3366 ..
1159 3333 1253 3368 annae
1307 3317 1309 3322 '

133 3377 244 3427 eidormo
255 3395 315 3428 rara
326 3378 437 3440 dirimas,
449 3395 472 3429 a.
492 3421 524 3429 ..
542 3377 665 3440 donarent,
674 3395 697 3428 a.

165 3460 233 3522 §eu
260 3471 386 3524 aunone,
398 3466 443 3513 ad.
461 3462 596 3526 aesdcoaoa
612 3455 658 3514 Or.
677 3503 708 3511 ..
727 3461 869 3526 adenona
883 3503 915 3514 ..
933 3463 1062 3533 dirimeres
1077 3471 1116 3518 14.
1128 3509 1160 3518 ..
1178 3460 1252 3532 quan.

132 3529 189 3590 iarn,
201 3533 246 3580 ad.
265 3532 375 3593 quonaone
387 3529 448 3592 abde,
460 3527 511 3595 βγ.

131 3613 180 3726 m}
193 3622 233 3730 εἴ.
256 3613 406 3746 ριὲῑῖὶιιςὲᾱ.
424 3656 456 3665 -
466 3611 571 3678 fritillo,
583 3615 636 3663 a²r.
646 3611 753 3676 fritella,
765 3615 802 3664 ab
811 3611 913 3676 firtilla,
928 3607 957 3664 θ.
966 3613 1055 3679 fitilla,
1067 3620 1140 3669 codd.
1153 3618 1210 3670 Gal.
1221 3616 1252 3682 β.

166 3717 350 3824 {sisamoi
360 3764 549 3830 eat-pandere,
561 3765 607 3814 ad.
634 3762 725 3814 candor
741 3771 777 3813 ert
790 3763 841 3813 eine
856 3765 941 3816 υίνίιιῑι
957 3775 980 3816 et
990 3767 1042 3816 erne
1054 3766 1167 3832 pondere,
1182 3763 1251 3830 θῐβ.
1335 3765 1338 3770 ’

132 3826 450 3895 eandorevirtutepondere,
466 3826 508 3882 9².
534 3829 638 3881 candore
648 3830 692 3880 aed
701 3831 759 3893 sine,
771 3848 791 3882 r.
810 3873 842 3882 -
863 3831 981 3895 sedena.
1007 3832 1052 3884 aed
1069 3836 1123 3885 Td.
1142 3875 1173 3885 ..
1196 3834 1252 3885 Me·

131 3890 335 4014 {qramqqqigpq
349 3897 539 4015 alavacrumque,
551 3901 626 3964 Tor.
649 3897 802 3961 Nerviorum,
814 3916 834 3951 r.
852 3872 1064 3965 Morinmm,Kl
1081 3900 1252 3967 Arvernorum,

162 4048 232 4124 §.su
260 4002 431 4128 latueinnaa
451 4090 482 4100 -
495 4050 657 4167 pdtoramqae
668 4067 742 4116 opera
754 4050 895 4134 baniurae,
907 4053 940 4106 K
960 4090 991 4105 .-
1013 4051 1199 4113 Proernam
1217 4094 1250 4104 -

130 4110 199 4162 Pseu
214 4122 276 4176 nate,
293 4132 316 4166 a.
340 4125 483 4179 praetentae,
513 4154 519 4168 .
539 4158 571 4167 -
592 4115 728 4182 ruffior,ss.
752 4159 784 4170 ..
811 4119 908 4180 Prnna,
919 4121 972 4170 Τὰ.
990 4159 1022 4168 ..
1042 4117 1254 4186 ponderosiorque,

131 4180 205 4230 Tad.
225 4181 381 4244 ponderosior
390 4199 454 4246 pero,
465 4178 495 4246 β.
514 4183 714 4249 ponderosiorque
725 4193 810 4248 cretae,
821 4188 911 4238 Delec.
930 4225 962 4235 ..
988 4182 1141 4250 Campaniae,
1154 4190 1200 4241 ad·
1217 4226 1250 4240 ..

130 4245 240 4311 eiliqint'a,
252 4250 297 4299 ad.
315 4249 471 4315 mls‘qinisqae,
482 4245 512 4312 β.
531 4291 563 4302 ..
581 4259 608 4301 ut
618 4267 631 4300 e
640 4251 743 4318 arsynii,
753 4254 787 4304 K.
