2896 4792
191 276 255 341 130
546 292 751 340 alrannus
774 293 969 340 mesonma

233 447 285 510 87.
308 442 523 531 Praesagiunt
544 454 576 508 et
597 443 756 522 animalia,
780 445 922 532 delphini
944 447 1114 531 tranquillo
1129 450 1208 514 mari
1223 451 1316 526 lasci·
1330 470 1378 516 331

191 548 315 612 vientes
336 545 457 623 flatum,
481 568 520 611 ex
542 569 607 631 qua
628 546 762 613 veniunt
776 560 879 632 parte,
901 549 977 614 item
995 560 1185 636 spargentes
1200 554 1317 636 aquam'

191 646 320 713 turbato
347 647 612 730 tranquillitatem.
649 647 780 734 Lolligo
813 649 962 727 volitans,
995 650 1136 716 conchae
1163 652 1315 719 adhaere-

191 760 330 827 scentes,
360 748 464 814 echini
491 749 669 836 adfigentes
692 771 762 816 sese
784 761 840 815 aut
861 749 981 815 harena
1004 751 1208 819 saburrantes
1234 764 1316 820 tem·

189 850 322 937 33313113
351 849 444 937 signa
470 862 562 929 sunt,
595 873 693 917 ranae
720 873 847 937 quoque
875 852 959 918 ultra
986 854 1113 919 solitum
1135 857 1262 922 vocales
1284 866 1318 923 et

188 952 304 1019 fulicas
336 951 492 1018 matutino
525 952 674 1040 clangore
681 978 691 1031 3
729 953 808 1018 item
845 954 950 1042 mergi
987 966 1161 1041 anatesque
1199 957 1317 1044 pinnas
1330 975 1379 1020 aaa

189 1064 294 1121 rostro
315 1064 490 1142 purgantes
517 1064 649 1123 ventum
676 1065 865 1138 ceteraeque
893 1056 1060 1139 aquaticae
1082 1080 1158 1124 aves
1180 1081 1316 1125 concur-

191 1165 308 1234 santes,
323 1178 421 1242 grues
435 1155 469 1221 in
484 1154 713 1222 mediterranea
726 1155 926 1236 festinantes,
949 1158 1063 1246 mergi,
1086 1159 1201 1246 gaviae
1215 1162 1318 1226 maria

190 1266 246 1322 aut
274 1268 390 1346 stagna
419 1257 582 1346 fugientes
589 1282 606 1345 3¹
633 1279 731 1346 grues
760 1257 886 1324 silentio
916 1281 976 1344 per
1008 1259 1145 1326 sublime
1172 1263 1317 1329 volantes

191 1359 412 1437 serenitatem3
447 1358 493 1424 sic
515 1369 633 1424 noctua
654 1360 688 1424 in
709 1358 813 1425 imbre
835 1360 980 1445 garrula,
1008 1371 1042 1425 at
1071 1384 1202 1440 sereno,
1235 1374 1316 1428 tem-

189 1470 364 1547 pestatem,
394 1460 544 1545 corvique
574 1460 718 1550 singultu
742 1461 882 1544 quodam
903 1462 1056 1528 latrantes
1078 1485 1177 1549 seque
1198 1486 1315 1531 conau-

191 1563 321 1640 tientes‚
356 1563 384 1628 si
412 1561 662 1642 continuabunt,
696 1572 826 1642 ventos,
867 1563 894 1628 si
926 1586 1003 1630 vero
1031 1567 1164 1651 carptim
1203 1588 1317 1633 vocem

190 1662 412 1743 resorbebant,
435 1676 605 1731 ventosum
618 1665 755 1731 imbrem
762 1690 771 1743 3
794 1665 920 1751 graculi
943 1688 1014 1734 sero
1036 1688 1057 1730 3
1076 1667 1203 1753 pabulis
1225 1691 1316 1735 reae-
1330 1683 1380 1728 333

190 1767 303 1833 dentes
323 1766 475 1845 hiemem,
505 1777 537 1831 et
565 1767 656 1834 albae
683 1789 759 1831 aves
788 1788 861 1832 oum
882 1765 1168 1855 congregabuntur
1189 1779 1221 1833 et
1243 1791 1318 1835 cum

190 1877 359 1934 terrestres
388 1867 536 1935 volucres
563 1878 674 1934 contra
701 1889 817 1952 aquam
845 1869 1013 1954 clangores
1040 1866 1163 1934 dabunt
1183 1871 1316 1956 perfun-

190 1968 367 2052 dentesque
399 1989 487 2046 sese,
524 1969 582 2035 sed
613 1991 765 2035 maxume
797 1970 907 2035 cornix
914 1995 924 2049 ;
956 1969 1096 2036 hirrmdo
1129 1981 1193 2036 tam
1225 1971 1317 2037 iuxta

189 2092 307 2155 aquarn
333 2070 471 2136 volitans
497 2082 535 2136 ut
560 2071 660 2157 pinna
688 2095 783 2158 saepe
814 2071 993 2156 percutiat,
1028 2094 1176 2157 quaeque
1203 2071 1238 2138 in
1263 2096 1316 2138 ar·

189 2171 323 2238 boribus
348 2170 510 2250 habitant,
542 2173 720 2262 fugitantes
745 2173 780 2237 in
806 2172 892 2238 nidis
914 2172 999 2248 suis;
1033 2182 1065 2238 et
1085 2195 1216 2240 anseres
1238 2196 1316 2241 con·

189 2275 280 2340 tinuo
301 2276 451 2362 clangore
472 2274 703 2360 intempestivi,
724 2275 823 2341 ardea
843 2274 877 2340 in
898 2274 1014 2340 mediis
1035 2274 1162 2342 harenis
1184 2275 1295 2341 tristis.

231 2378 283 2442 88.
310 2374 381 2443 Neo
400 2377 518 2442 mirum
539 2378 704 2463 aquaticas
725 2376 836 2442 autin
858 2387 958 2442 totum
983 2376 1127 2444 volucres
1147 2377 1318 2464 praesagia
1331 2391 1380 2437 aar

189 2478 272 2543 aeris
295 2479 422 2547 sentire.
443 2479 569 2546 Peaora
589 2478 784 2547 exsultantia
806 2489 837 2544 et
858 2477 1009 2545 indecora
1030 2478 1162 2545 lascivia
1175 2478 1319 2545 ludentia

177 2580 317 2648 easdem
344 2582 594 2669 significationes
620 2580 759 2659 habent,
792 2590 824 2646 et
851 2579 951 2646 boves
977 2580 1101 2647 caelum
1129 2581 1318 2646 olfactantes

190 2704 288 2767 seque
309 2683 487 2751 lambentes
509 2695 622 2751 contra
642 2684 759 2770 pilum,
793 2693 966 2767 turpesque
994 2682 1084 2768 porci
1111 2681 1232 2747 alienos
1255 2680 1316 2747 sibi

188 2784 368 2872 manipulos
390 2787 458 2852 feni
479 2788 673 2862 lacerantes,
698 2783 904 2872 segniterque
931 2792 963 2849 et
992 2793 1103 2849 contra
1123 2783 1316 2848 industriam

190 2909 281 2952 suam
303 2909 383 2973 apes
404 2886 621 2966 absconditae,
642 2885 795 2952 formicae
816 2895 1044 2951 concursantes
1070 2894 1127 2950 aut
1152 2906 1212 2950 ova
1236 2904 1312 2970 pro-

188 2997 348 3074 gereates,
369 2987 447 3053 item
470 3012 594 3055 vermes
616 2989 733 3055 terreni
756 2997 969 3073 erumpentes.

222 3195 308 3272 6861.
332 3192 446 3258 aprini,
459 3197 483 3246 6.
507 3212 537 3246 ae
548 3178 661 3261 6313111111,
673 3212 697 3246 3.
719 3196 754 3245 V.
766 3195 898 3259 Theophr.
915 3209 943 3244 π.
955 3209 1019 3261 σημ.
1034 3191 1108 3244 ὑδάτ.
1125 3202 1147 3257 1,
1161 3200 1201 3246 ts.
1216 3210 1243 3258 p.
1256 3196 1314 3245 787.

188 3302 218 3311 -
244 3269 341 3310 venrant
355 3271 457 3325 partem,
474 3266 499 3313 6.
517 3305 550 3313 ..
577 3280 667 3326 aqam
685 3263 785 3324 turbato,
804 3266 877 3314 codd.
890 3262 947 3314 Gal.
974 3279 1063 3326 aquam
1079 3262 1107 3313 ia
1121 3271 1156 3312 eat
1172 3263 1274 3323 turbato,
1290 3278 1314 3313 a.

186 3345 276 3448 pqpam
293 3328 346 3377 item
365 3332 499 3391 turbatam,
519 3333 543 3381 d.
567 3372 599 3381 -
627 3329 818 3395 tranquillitate,
836 3347 859 3382 a.
884 3369 916 3380 ..
945 3330 1059 3392 sonitum,
1077 3346 1100 3380 a.
1130 3333 1164 3382 V.
1182 3331 1313 3394 Theophr.

197 3402 503 3528 ·§·316‚2r5.wp2.w7rpp,m,
520 3468 573 3517 Td.
591 3506 623 3516 ..
643 3466 796 3531 festinamas,
814 3482 837 3515 a.
855 3464 987 3530 sapientes,
1005 3467 1057 3517 Τ6.
1077 3505 1107 3514 ..
1133 3462 1312 3539 9331331ζί31.

186 3532 340 3594 333133,Τ3.
361 3533 440 3595 cavia,
452 3537 475 3585 6.
490 3534 578 3586 Omitt.
590 3529 642 3600 βγ.
661 3575 692 3584 ..
709 3550 787 3598 praes,
801 3533 932 3597 Theophr.
944 3534 963 3582 1.
975 3534 993 3582 1.
1006 3540 1030 3593 4,
1043 3538 1066 3582 3.
1078 3547 1103 3595 p.
1119 3535 1174 3581 798.
1193 3570 1224 3578 ..
1243 3539 1313 3591 31331,

186 3600 241 3650 Τ6.
260 3642 292 3650 ,,
315 3609 349 3661 at,
360 3603 393 3652 Κ.
417 3610 467 3662 aut,
480 3602 554 3652 Tad.
574 3643 606 3652 -
630 3618 714 3651 serena
732 3597 1110 3666 tempestatemrvirinpnltu,li.
1133 3599 1166 3647 V.
1180 3597 1311 3662 Theophr.

73 3672 78 3680 '
186 3669 203 3718 1.
217 3670 234 3718 l.
250 3675 273 3727 l,
288 3673 326 3718 16.
338 3685 363 3733 p.
377 3672 433 3722 786.
453 3711 484 3721 ..
504 3677 590 3728 ventos,
603 3671 685 3720 omitt.
698 3687 721 3720 a.

219 3739 235 3801 ξ
247 3743 304 3788 363.
321 3736 417 3800 pabola,
429 3738 481 3788 Τ6.
501 3779 532 3786 -
551 3736 622 3787 albae
633 3754 697 3799 aver,
709 3737 842 3800 Theophr.
854 3736 872 3784 1.
884 3735 903 3784 1.
915 3740 939 3795 3,
954 3739 993 3784 10.
1006 3748 1031 3798 p.
1046 3737 1102 3785 796.
1119 3774 1149 3784 ..
1165 3730 1311 3796 perfunden-

187 3806 358 3867 terque,'1'a(l.
374 3803 551 3868 persuadentes,
562 3802 612 3869 βγ.
626 3799 657 3854 ’-
673 3803 763 3869 pinnis,
776 3804 807 3853 Τ.
825 3803 859 3852 V.
872 3803 1004 3864 Theophr.
1017 3803 1035 3850 l.
1047 3802 1064 3850 1.
1080 3806 1101 3861 1,
1117 3807 1155 3852 15.
1168 3816 1193 3864 p.
1208 3804 1264 3852 786.
1280 3843 1310 3851 .-

177 3872 309 3937 sapientes,
321 3873 352 3922 Τ.
372 3914 403 3921 -
422 3873 446 3920 13
458 3871 526 3921 nidos
538 3875 645 3933 raon-K.
666 3915 696 3922 -
715 3887 818 3931 3333333,
833 3871 965 3932 Theophr.
978 3870 995 3918 l.
1007 3871 1025 3918 l.
1038 3875 1062 3931 3,
1075 3875 1098 3918 2.
1111 3885 1135 3934 p.
1150 3873 1208 3920 794.

219 3939 305 4000 6364.
332 3939 512 4001 actantiae.
536 3981 566 3990 ..
594 3939 692 4000 lasciva,
709 3956 732 3989 a
752 3979 784 3988 -
810 3935 904 3986 easdem
920 3935 1113 4001 ripnficationes,
1130 3938 1184 3988 Ta.
1213 3934 1310 3985 eandm

185 4006 385 4071 ripnr'ficatianern
401 4003 452 4073 βγ.
471 4048 501 4058 ..
527 4015 610 4056 cantra
624 4006 707 4071 pilam,
721 4009 737 4056 6
754 4004 842 4069 (codd.
856 4002 926 4067 Gel.)
949 4014 1032 4055 eontra
1040 4004 1157 4069 pluviam,
1175 4021 1207 4055 ar
1223 4001 1309 4066 (codd.

185 4075 312 4138 Barbari).
330 4075 400 4125 eitam
410 4074 571 4139 pliniana.
589 4076 622 4125 V.
635 4074 827 4138 Theophani
843 4080 864 4135 1,
880 4079 918 4124 15.
931 4088 957 4137 p.
971 4078 1028 4126 786.
1047 4113 1078 4123 ..
1096 4073 1188 4124 alienos
1200 4072 1253 4133 sibi,
1265 4075 1310 4122 36.

185 4140 263 4190 aliem
278 4142 391 4204 33633113,
408 4144 459 4204 Κῑ,
477 4145 547 4207 qnod
564 4143 655 4208 probat
671 4142 692 4193 I.
704 4144 737 4192 H.
750 4143 827 4192 Voss.
845 4144 878 4193 ad
889 4142 963 4192 Arat.
978 4148 1051 4193 1121.
1068 4157 1093 4206 p.
1106 4148 1164 4192 203.
1187 4141 1265 4190 alieno
1276 4139 1309 4190 si-

186 4207 301 4272 titana
320 4251 352 4260 ..
375 4211 511 4276 aquitanae,
524 4214 568 4262 ad.
588 4251 619 4260 ..
637 4226 707 4273 apesr
725 4227 747 4261 v.
760 4213 875 4262 adnotat.
888 4225 940 4275 seq.
958 4251 989 4260 ...
1010 4209 1180 4273 fornitana.
1207 4207 1309 4272 aelfar-

185 4276 267 4339 micae,
284 4281 308 4327 6.
328 4277 449 4342 sannae
465 4277 509 4341 vel,
527 4280 600 4332 3366.
613 4277 669 4330 aar
685 4273 735 4344 βγ.
763 4279 794 4330 In
811 4287 866 4332 toto
881 4293 942 4330 vero
954 4279 1085 4341 1331333,
1101 4278 1138 4329 uti
1151 4278 1228 4342 vulgo
1240 4277 1308 4341 lage-
