2896 4792
184 241 245 307 lta
533 258 738 306 marsanam
761 255 956 308 mesonma

182 408 308 496 spicae,
332 405 387 491 qui
409 418 446 472 ut
468 429 559 493 spem
582 409 632 475 sui
654 409 748 490 fecit,
771 421 922 495 quattuor
943 414 1161 497 autquinque
1184 406 1301 478 tardis-⁴
1342 469 1347 476 .
1417 401 1421 410 ⁸

182 509 262 574 sime
289 506 404 574 diebus
428 507 541 574 florere
568 510 724 596 incipiunt
745 511 940 596 totidemque
961 524 1017 578 aut
1038 513 1133 599 paulo
1154 515 1302 600 pluribus

181 610 407 689 deflorescunt,
440 609 568 697 hordea
593 633 669 677 vero
703 634 776 677 cum
808 614 988 678 tardissime
1021 626 1155 700 septem.
1196 615 1302 682 Varro

181 722 295 796 quater
321 710 454 777 novenis
481 709 594 778 diebus
620 711 732 800 fruges
761 712 885 778 absolvi
911 714 1009 778 tradit
1034 725 1197 780 otmense
1218 737 1302 780 nono

180 812 269 877 meti.
291 808 403 878 Fabae
425 812 460 877 in
481 810 560 879 folia
581 823 699 879 exeunt
720 835 758 877 ac
780 813 896 878 deinde
918 814 1039 880 caulem
1062 816 1212 881 emittunt
1232 815 1302 880 nul·
1316 832 1347 879 ⁵7

180 914 221 980 lis
243 913 430 979 distinctum
450 913 648 980 internodiis.
676 913 813 998 Reliqua
838 915 1001 1001 legumina
1025 917 1188 982 surculosa
1210 928 1284 981 sunt
1291 941 1300 993 3

182 1035 224 1080 ex
244 1013 293 1078 his
315 1035 441 1079 ramosa
462 1013 561 1092 cicer,
584 1036 710 1092 ervom,
733 1013 813 1078 lens.
844 1011 1057 1094 Quorundam
1080 1017 1188 1082 caules
1210 1039 1302 1102 spar-

181 1126 303 1201 grmtur
323 1115 358 1178 in
382 1125 517 1191 terram,
541 1115 568 1179 si
590 1137 654 1180 non
675 1114 814 1179 habeant
827 1115 1069 1194 adminiculum,
1091 1129 1128 1181 ut
1141 1118 1285 1203 pisorum
1291 1141 1300 1192 3
1377 1134 1384 1160 ¹

90 1222 92 1229 '
180 1215 268 1302 quod
290 1215 403 1281 sinon
423 1215 579 1295 habuere,
607 1215 763 1280 deteriora
783 1215 873 1280 fiunt.
905 1215 1123 1305 Leguminum
1144 1218 1302 1284 unicaulis

181 1315 257 1383 faba
283 1317 366 1396 sola,
395 1338 480 1381 unus
509 1326 542 1382 et
567 1315 704 1403 lupinis,
741 1316 797 1380 sed
824 1317 940 1381 ceteris
965 1341 1111 1385 ramosus
1135 1320 1303 1405 praetenui

182 1417 329 1496 surculo,
352 1415 499 1482 omnibus
520 1438 597 1482 vero
618 1416 791 1482 fistulosus.
814 1416 942 1482 Folium
961 1420 1119 1503 quaedam
1139 1421 1180 1486 ab
1194 1421 1302 1486 radice
1316 1434 1347 1480 58

180 1520 328 1598 mittunt,
357 1518 515 1603 quaedam
542 1542 561 1582 a
583 1518 756 1583 cacumine.
789 1516 1001 1583 Frumentum
1022 1529 1055 1585 et
1075 1519 1230 1586 hordeum
1252 1520 1301 1586 vi·

181 1622 294 1705 ciaque
317 1629 350 1684 et
370 1618 527 1702 quidquid
548 1619 582 1682 in
604 1618 723 1704 stipula
745 1628 807 1696 est,
829 1619 863 1683 in
885 1620 1048 1686 cacumine
1068 1642 1169 1685 unum
1190 1621 1301 1686 folium

180 1720 294 1796 hahet;
327 1719 386 1785 sed
405 1718 526 1786 hordeo
547 1717 661 1785 scabra
682 1731 772 1797 sunt,
802 1720 917 1785 ceteris
937 1720 1035 1800 levia3
1058 1768 1151 1787 .....
1159 1769 1168 1798 ,
1192 1722 1302 1786 multi·

180 1821 246 1887 lida
267 1831 378 1886 contra
406 1820 498 1898 faba,
527 1820 627 1897 cicer,
654 1820 771 1905 pisum.
807 1819 996 1886 Frumentis
1016 1822 1126 1887 folium
1148 1821 1301 1885 harundi-

182 1942 334 1999 naceum,
357 1919 451 1985 fabae
472 1921 609 1986 rotunda
628 1931 661 1985 et
674 1943 810 2009 magnae
824 1922 1021 2008 leguminum
1036 1923 1137 2008 parti,
1158 1922 1303 2009 longiora

182 2022 312 2088 erviliae
328 2033 359 2086 et
373 2021 460 2106 piso,
482 2021 635 2108 phasiolis
649 2044 785 2100 venosa,
810 2022 944 2087 sesimae
959 2034 992 2088 et
1005 2023 1100 2087 irioni
1115 2023 1301 2111 sanguinea.

182 2119 315 2189 Cadunt
340 2123 416 2189 folia
443 2122 555 2209 lupino
581 2132 705 2187 tantum
732 2136 765 2187 et
790 2124 959 2209 papaveri3
988 2124 1152 2212 legumina
1182 2123 1302 2190 diutius
1316 2137 1347 2182 5⁹

181 2223 297 2289 florent
328 2234 360 2288 et
380 2247 426 2289 ex
454 2224 505 2289 his
531 2246 639 2290 ervom
666 2247 705 2290 ac
733 2223 832 2302 cicer,
871 2224 928 2289 sed
955 2224 1131 2289 diutissime
1158 2225 1233 2290 faba
1259 2247 1303 2287 xr.

181 2323 314 2402 diebus,
337 2346 401 2388 non
422 2334 529 2390 autem
551 2323 670 2412 singuli
694 2325 783 2410 scapi
800 2325 936 2402 tamdiu,
960 2325 1111 2410 quoniam
1132 2325 1193 2390 alio
1215 2324 1302 2390 desi·

180 2437 277 2491 nente
304 2424 385 2490 alius
411 2425 537 2511 incipit,
566 2447 626 2490 nec
657 2435 725 2490 tota
752 2447 845 2513 seges
874 2425 959 2490 sicut
985 2425 1137 2490 frumenti
1162 2425 1301 2510 pariter3

183 2526 371 2611 siliquantur
400 2548 474 2592 vero
502 2526 608 2591 omnia
634 2525 771 2593 diversis
797 2525 911 2590 diebus
941 2536 973 2590 et
1000 2526 1040 2592 ab
1068 2526 1133 2591 ima
1164 2526 1303 2611 primum

181 2638 291 2715 parte,
317 2627 472 2714 paulatim
498 2627 576 2693 flore
608 2626 774 2692 subeunte.
807 2624 985 2691 Frumento
1014 2647 1088 2692 cum
1116 2626 1302 2703 defloruere,
1316 2638 1349 2684 6⁰

216 2816 278 2865 quae
285 2808 318 2862 ut,
327 2798 394 2853 Pint.
401 2840 431 2850 -
442 2816 504 2863 aero,
514 2817 537 2850 a.
547 2802 635 2852 Omitt.
645 2799 698 2851 Τὰ.
707 2841 737 2849 -
755 2796 834 2851 Varro
846 2802 913 2849 dere
924 2808 985 2850 rust.
998 2804 1020 2860 l,
1030 2803 1079 2858 32,
1088 2799 1131 2847 ubi
1140 2814 1163 2847 v.
1174 2798 1302 2858 Schneid,

181 2869 259 2934 plane
275 2869 340 2918 alios
352 2882 472 2918 numeros
483 2866 595 2918 exhibet.
623 2876 658 2915 ter
669 2864 792 2930 quindenis
809 2868 849 2917 vel
861 2866 985 2930 quinquies
996 2865 1098 2927 novenis,
1110 2866 1177 2915 Pint.
1196 2863 1303 2927 quadra·

181 2935 248 3000 qenes
259 2934 344 2998 quinia,
355 2936 440 2986 Ursin.
453 2935 485 2984 ad
496 2936 571 2984 Varr.
590 2975 620 2984 -
631 2935 727 2998 smper,
740 2950 789 2984 om.
803 2935 840 2984 dt

216 3028 284 3089 §aa
302 3024 388 3085 caules,
404 3019 454 3075 Od.
474 3067 505 3074 ..
528 3023 681 3086 nattam.
704 3024 837 3085 nnllua‚a¹.
861 3023 1020 3085 innudia'f.
1044 3019 1231 3084 multinDalec.
1244 3022 1301 3073 Ona
1356 3076 1367 3085 ,

182 3092 262 3155 Pina
279 3099 307 3142 at
316 3107 341 3142 v.
354 3092 473 3143 Schneid.
486 3094 518 3144 ad
529 3093 659 3156 I'lreophr.
671 3093 730 3143 hist.
742 3094 822 3156 plant.
835 3092 911 3142 VIII.
924 3099 948 3152 3,
961 3098 984 3141 2.
998 3131 1030 3140 ..
1050 3088 1203 3147 Quorundam
1215 3089 1302 3150 canter,

183 3158 315 3224 Theophr.
326 3161 344 3208 l.
356 3161 374 3209 l.
386 3156 462 3210 vm.
474 3166 499 3221 3,
512 3167 535 3210 2.
544 3200 584 3235 Ι-
604 3159 727 3224 phorum
743 3157 807 3222 quod
816 3159 840 3208 si
850 3175 907 3222 ncn3
925 3168 974 3224 pro
988 3159 1029 3209 his
1044 3173 1084 3207 vv.
1097 3158 1193 3207 habent
1205 3156 1303 3220 piscan-

183 3248 238 3298 dum
254 3249 365 3313 niriDan
379 3237 550 3314 piscanduntri
564 3254 589 3302 d.
618 3293 649 3300 -
676 3259 720 3300 aut
735 3250 865 3310 deteriora,
882 3252 930 3300 ad.
955 3247 1096 3314 Vulgatam
1112 3265 1146 3300 ex
1162 3250 1302 3314 archetypo

184 3326 302 3380 corrupto
315 3333 370 3368 esse
382 3319 561 3382 interpolatam
576 3321 671 3368 nemini
683 3321 799 3369 codicum
810 3319 933 3368 lectiones
944 3317 1051 3368 intuenti
1063 3318 1168 3368 dubium
1180 3332 1235 3367 esse
1246 3325 1302 3381 pot·

182 3393 230 3435 est.
246 3386 322 3446 Plin.‚
340 3387 388 3435 nisi
406 3386 506 3448 egregie
518 3384 604 3446 fallor,
621 3387 763 3450 scripserat:
784 3393 931 3450 sparpuntur
945 3386 970 3434 in
987 3393 1082 3445 terram,
1099 3385 1123 3432 si
1137 3400 1183 3432 nan
1200 3382 1304 3431 labeant

183 3450 350 3501 adminiculum
363 3460 388 3500 ut
398 3452 537 3514 apricantur
541 3471 550 3513 ,·
567 3452 615 3502 nisi
624 3451 728 3502 habuere
728 3489 839 3513 .......
852 3458 896 3500 aut
906 3448 1025 3499 deteriora
1028 3449 1102 3512 fiunt.
1119 3449 1219 3500 Puncta
1230 3465 1246 3499 a
1256 3464 1302 3497 no·

183 3515 224 3569 bis
235 3519 319 3582 posita
330 3520 442 3569 indicant
454 3521 602 3570 sententiam
615 3537 631 3570 a
641 3522 766 3584 particula
777 3527 819 3568 aut
834 3520 1003 3582 incipIentem,
1020 3531 1085 3580 quaa
1096 3517 1152 3579 ipsa
1164 3515 1255 3575 effecit,
1273 3523 1302 3563 ut

151 3613 160 3627 ·
183 3587 300 3636 librarius
316 3586 445 3648 archetypi
462 3588 541 3636 oculis
553 3590 585 3637 ad
597 3589 704 3639 alterum
716 3595 758 3636 aut
769 3588 886 3637 aberrans
898 3584 969 3634 illam
981 3584 1121 3640 omitterem
1139 3583 1214 3630 verbo
1226 3580 1304 3643 apisci

183 3654 250 3704 Plin.
263 3668 323 3704 usus
335 3654 514 3712 antonianas,
528 3659 567 3705 78.
585 3695 617 3705 ..
643 3653 692 3715 sed,
709 3655 745 3704 ita
760 3669 807 3703 nos
824 3652 976 3716 scripsimus.
1002 3656 1036 3709 et,
1052 3649 1123 3699 Tad.
1142 3647 1230 3698 Omitt.
1248 3643 1300 3712 βγ.

183 3719 273 3784 lupinae
280 3719 408 3783 praetenui
417 3718 517 3782 surcula,
529 3721 612 3769 ceteris
623 3737 737 3782 ramasses,
748 3721 816 3770 Pint.
835 3760 866 3770 -
876 3715 1002 3782 fistulosis,
1014 3716 1058 3767 ed.

218 3805 286 3867 558.
304 3803 464 3866 Frumentum,
475 3806 519 3854 ad.
545 3805 696 3853 mannan
707 3819 770 3863 vero,
785 3817 811 3866 γ.
831 3843 862 3852 ..
885 3799 998 3863 aecioque,
1014 3799 1243 3849 draconariam.
1266 3800 1301 3846 vi·

185 3869 272 3934 linque,
284 3887 304 3920 r.
323 3870 455 3934 vitiumque,
467 3887 490 3920 a.
509 3871 632 3934 utrimque,
644 3871 697 3920 Tc.
715 3877 844 3932 utrumque,
855 3863 885 3930 β.
904 3908 935 3917 ..
953 3863 1071 3930 quicquid,
1084 3882 1107 3915 a.
1127 3904 1158 3913 ..
1177 3864 1302 3928 multpida,

132 3984 143 3993 .
184 3938 220 3988 ita
231 3953 278 3989 nos
289 3939 441 4003 scripsimus.
464 3935 595 3999 multificata,
607 3937 653 3986 ad.
675 3933 822 3998 multiplicia,
837 3930 888 3999 βγ.
912 3933 1029 3984 Ceterum
1046 3933 1106 3982 huic
1120 3933 1302 3983 vcciaPlinio

183 4006 322 4069 praemissa
333 4016 404 4056 erant
415 4004 539 4068 simplicia
550 4003 591 4052 vel
602 4003 686 4053 solida
697 4003 874 4052 nonnullarum
887 4001 1030 4065 plantarum
1041 4000 1111 4061 solia,
1129 4001 1199 4062 quod
1216 4000 1301 4049 claris·

183 4073 247 4123 sime
264 4075 338 4122 docet
353 4072 499 4122 adverbium
515 4076 597 4118 contra
613 4069 686 4118 aliter
699 4069 854 4132 ineptissime
869 4069 994 4132 positum3
1012 4069 1072 4117 hinc
1082 4069 1190 4118 lacunae
1202 4068 1302 4129 signum

184 4140 266 4202 posui.
286 4139 400 4213 ..jaba
411 4138 472 4186 cicer
480 4135 566 4201 pium,
579 4137 630 4186 Τὰ.
648 4135 701 4198 fab
716 4133 777 4185 cicer
789 4135 875 4198 phura,
892 4151 914 4185 a.
932 4135 1020 4198 sabae,
1032 4134 1109 4195 ciceri,
1118 4133 1179 4198 piso,
1191 4129 1242 4198 βγ.
1261 4135 1302 4184 Ex
