2896 4792
146 276 150 283 ·
183 247 246 315 258
538 249 743 313 uavuarnr's
764 265 960 314 ursroarau

183 426 216 482 et
248 437 289 480 ne
315 415 448 482 lacunae
477 424 628 504 stagnent
654 416 869 494 adcumulari3
904 419 950 483 ita
975 419 1009 482 in
1031 429 1186 485 aestatem
1208 443 1307 509 gran·

183 517 326 583 deucere.
373 514 516 598 Quidam
544 517 733 604 prodidere,
764 518 791 583 si
818 519 892 605 palo
920 519 1034 586 adacto
1056 542 1193 586 caverna
1214 523 1308 609 palea

95 672 98 677 .
168 608 377 685 ,insternatur
399 641 457 685 sex
479 619 652 708 digitorum
674 619 853 697 altitudine,
876 620 993 686 deinde
1007 622 1040 684 in
1055 644 1163 688 semen
1178 623 1305 689 fimum-

180 740 244 804 que
265 730 298 785 et
320 731 406 787 terra
427 732 636 807 congeratur,
664 720 706 785 ad
727 721 980 808 magnitudinem
1001 722 1122 788 scrobis
1144 746 1304 801 crescere;

180 822 354 908 praecipue
383 833 488 889 tamen
516 822 608 888 salsis
638 821 782 900 aluntur3
810 821 918 906 itaque
947 823 1042 888 etiam
1070 824 1187 890 talibus
1214 825 1306 909 aquis

179 921 361 1009 inrigantur
388 933 419 988 et
443 923 478 987 in
498 923 653 1010 Aegypto
675 923 758 987 nitro
781 934 990 1010 sparguntur,
1018 925 1074 990 ubi
1098 937 1173 989 sunt
1195 926 1304 990 suavi-

180 1033 245 1088 tate
267 1023 443 1110 praecipui.
472 1022 512 1087 In
535 1033 637 1088 totum
658 1045 786 1108 quoque
809 1024 973 1110 salsugine
994 1023 1175 1088 amaritudo
1195 1045 1354 1090 eorum-so

180 1124 332 1191 eximitur
354 1125 498 1209 fiuntque
521 1123 621 1189 coctis
644 1124 763 1189 similes
770 1148 780 1200 3
802 1146 938 1208 namque
960 1135 993 1189 et
1015 1125 1097 1190 cocti
1119 1124 1307 1192 dulcescunt
1411 1116 1414 1119 ¹

180 1223 268 1290 etin
289 1246 448 1310 naporum
469 1224 572 1290 vicem
595 1234 770 1290 transeunt.
816 1224 944 1290 Crudos
964 1225 1083 1291 medici
1105 1226 1243 1291 suadent
1264 1227 1306 1292 ad

182 1324 362 1413 colligenda
384 1319 476 1390 'acria
504 1325 664 1391 viscerum
693 1348 766 1390 cum
796 1325 861 1390 sale
890 1325 1015 1391 ieiunos
1042 1349 1112 1392 esse
1139 1338 1235 1412 atque
1260 1329 1305 1393 ita

180 1425 411 1494 vomitionibus
444 1437 639 1513 praeparant
673 1436 823 1493 meatum.
868 1425 1017 1492 Tradunt
1044 1440 1077 1493 et
1109 1429 1305 1515 praecordiis
1319 1447 1353 1491 ea

118 1511 122 1524 ⁸
179 1527 395 1595 necessarium
421 1526 506 1593 hunc
534 1550 663 1606 sucum,
697 1527 826 1611 quando
848 1528 1013 1613 qllaptactv
1035 1529 1122 1594 oordi
1148 1531 1233 1595 intus
1254 1531 1304 1595 in-

180 1632 366 1697 haerentem
393 1652 458 1695 non
485 1629 549 1695 alio
576 1629 721 1715 potuisse
748 1629 864 1714 depelli
891 1640 1080 1715 conpertum
1108 1632 1149 1696 sit
1175 1633 1208 1696 in
1233 1631 1304 1696 Ae-

179 1742 301 1819 gypto,
336 1731 468 1819 regibus
495 1752 630 1816 corpora
665 1740 862 1795 mortuorum
892 1731 935 1795 ad
961 1733 1150 1798 scrutandos
1176 1732 1305 1798 morbos

181 1831 410 1901 insedentibus.
432 1832 551 1915 Atque,
572 1841 610 1895 ut
632 1842 681 1896 est
704 1827 831 1896 Graeca
852 1831 988 1910 vanitas,
1008 1833 1111 1898 fertur
1131 1834 1165 1898 in
1187 1834 1305 1919 templo

180 1934 343 2021 Apollinis
364 1932 503 2018 Delphis
531 1932 612 1999 adeo
641 1932 755 1997 ceteris
785 1932 865 2000 cibis
892 1934 1053 2020 praelatus
1081 1934 1242 2021 raphanus
1269 1947 1305 2001 ut

181 2058 224 2101 ex
244 2057 323 2101 auro
344 2033 565 2113 dedicaretur,
600 2033 676 2100 beta
703 2056 746 2100 ex
766 2045 918 2122 argento,
952 2058 1067 2122 rapum
1094 2059 1134 2102 ex
1162 2035 1304 2123 plumbo.

181 2132 291 2201 Scires
318 2158 382 2201 non
403 2134 449 2200 ibi
470 2134 616 2222 genitum
637 2133 785 2200 Manium
808 2132 945 2205 Curium
965 2135 1178 2222 inperatorem
1199 2160 1305 2222 quem,
1319 2152 1352 2199 er

182 2234 374 2303 Samnitium
395 2235 512 2322 legatis
533 2258 647 2300 aurum
669 2229 1124 2321 repudiaturo'adferentibua,
1145 2252 1305 2326 rapator-

180 2347 304 2403 rentem
332 2337 366 2402 in
394 2336 465 2402 foco
491 2337 656 2411 inventum
677 2337 809 2403 annales
830 2339 930 2404 nostri
951 2338 1131 2424 prodidere.
1167 2337 1306 2426 Scripsit

180 2448 213 2503 et
233 2437 403 2503 Moschion
427 2435 576 2514 Graecus
597 2461 696 2504 unum
717 2439 758 2505 de
779 2438 923 2525 raphano
944 2440 1102 2505 volumen.
1133 2439 1305 2506 Utilissimi

180 2540 216 2605 in
247 2539 329 2605 cibis
364 2539 498 2604 hiberno
532 2549 675 2626 tempore
706 2540 941 2605 existumentur
966 2540 1127 2625 iidemque
1154 2540 1305 2607 dentibus

183 2663 310 2727 semper
347 2639 488 2719 inimici,
527 2641 679 2723 quoniam
713 2650 875 2719 atterant3
913 2639 1010 2707 ebora
1045 2652 1133 2707 certe
1167 2644 1305 2729 poliunt.

182 2739 306 2808 Odium
327 2741 378 2807 his
400 2764 473 2806 cum
495 2740 554 2806 viti
575 2764 761 2806 maxumum
782 2740 967 2829 refugitque
989 2742 1081 2806 iuxta
1102 2753 1197 2807 satos.

224 2847 276 2909 27.
299 2843 496 2931 Lignosiora
518 2852 592 2907 sunt
613 2843 737 2926 reliqua
757 2840 790 2906 in
813 2842 1039 2929 cartilaginum
1060 2866 1180 2931 genere
1201 2867 1221 2908 a
1244 2866 1303 2909 no·
1318 2859 1351 2904 ss

180 2945 231 3012 bis
264 2945 388 3031 posita,
421 2943 602 3027 mirumque
635 2943 783 3008 omnibus
809 2944 1043 3010 vehementiam
1075 2946 1197 3031 saporis
1223 2966 1304 3010 esse.

180 3044 234 3110 Ex
255 3045 306 3110 his
327 3042 513 3130 pastinacae
535 3065 635 3108 unum
656 3066 759 3130 genus
780 3054 909 3132 agreste
924 3056 1039 3130 sponte
1052 3046 1213 3132 provenit3
1237 3056 1302 3111 sta-

215 3182 284 3244 §84.
310 3181 464 3245 nummulari,
479 3177 586 3234 Oacdr.
608 3179 807 3246 acmmabrrqst.
825 3226 857 3235 -
880 3188 978 3246 natea,
991 3189 1015 3236 d
1039 3228 1071 3236 ..
1095 3184 1179 3234 deinde
1189 3202 1273 3247 amen,
1282 3203 1302 3235 r.

181 3248 310 3314 dandoque
320 3266 397 3300 semea
401 3249 464 3313 fimo
475 3258 505 3313 et,
516 3252 605 3301 Dalec.
624 3291 656 3303 .,.
674 3253 848 3316 maingenae,
860 3268 875 3302 e
887 3269 920 3304 ex
932 3254 1105 3318 dittographia
1116 3255 1260 3304 coniuncta.
1270 3295 1300 3303 -

181 3318 322 3383 inbuatur,
334 3335 357 3369 a
375 3317 495 3384 ripam,
507 3318 603 3383 Appul.
612 3318 749 3384 frigantur,
762 3322 807 3370 ed,

244 3390 285 3436 85.
312 3384 342 3434 In
359 3394 482 3450 totamque,
497 3386 595 3450 Appul.
620 3428 651 3436 -
678 3385 799 3448 nuceram,
820 3381 900 3438 deur
916 3387 1039 3453 (Appul)
1070 3387 1184 3437 vacarum
1202 3386 1302 3449 danda,

182 3389 255 3519 adr.
276 3494 307 3503 -
328 3453 426 3516 ieiunos,
437 3455 534 3519 Appal
557 3454 649 3515 ianuis,
663 3450 776 3520 acdssy.
795 3496 827 3505 ..
850 3455 926 3517 edere,
938 3472 958 3506 r.
981 3457 1076 3525 Forma
1086 3471 1136 3504 ease
1146 3454 1212 3506 Plin.
1226 3456 1302 3505 etiam

182 3522 243 3572 alibi
255 3537 316 3572 usus
328 3531 378 3583 est3
391 3538 414 3571 v.
427 3529 467 3584 20,
481 3530 522 3574 36.
536 3530 593 3573 121.
612 3528 653 3583 22,
665 3528 706 3573 91.
721 3528 777 3574 132.
796 3527 836 3584 at,
850 3527 890 3574 87.
908 3529 948 3584 30,
964 3530 1019 3575 103.

216 3589 284 3651 586.
314 3583 564 3656 (decimianahppul.
589 3589 735 3654 ptbire'rreim,
745 3592 770 3640 d.
796 3589 959 3653 estimatae„
981 3582 1015 3658 sss
1022 3589 1157 3652 itbiricsim,
1169 3591 1203 3640 D.
1230 3588 1301 3639 uiui.

181 3656 273 3715 m'aa'rn,
284 3673 306 3708 e.
321 3655 435 3721 phthisin,
446 3653 498 3723 βγ.
515 3658 665 3708 Lectionem
677 3675 693 3708 a
703 3659 778 3709 nobis
789 3666 915 3721 receptam
929 3660 1060 3711 confirmat
1071 3658 1137 3709 Plin.
1149 3658 1302 3709 Valerianus

182 3728 214 3779 de
224 3741 252 3779 re
264 3726 362 3775 medica
374 3732 397 3785 4,
412 3731 443 3785 1.,
455 3727 498 3790 qui
510 3727 579 3776 huuc
590 3726 674 3776 locum
687 3725 830 3789 exscripsit,
855 3764 887 3775 -
908 3724 1002 3788 expelli,
1013 3725 1112 3790 Appul.
1132 3766 1163 3775 ..
1185 3725 1301 3774 insectan-

182 3792 358 3858 tibuaAppul.
384 3790 562 3856 desacrata,
573 3795 606 3844 K.
631 3833 662 3843 ..
685 3791 844 3853 dedicaretur,
855 3793 891 3841 ita
902 3808 949 3843 nos
960 3794 1106 3858 scripsimus
1118 3808 1151 3844 ex
1162 3792 1302 3857 Appuleio,

181 3863 225 3927 qui
237 3858 359 3912 &dicatas
370 3861 455 3912 habet.
473 3859 601 3922 dicaremr,
613 3857 724 3922 d(codd.
735 3855 864 3924 661.)βγ.
882 3857 1013 3923 duceretur,
1028 3855 1096 3912 Ouo.
1109 3901 1141 3909 -
1159 3876 1189 3908 ex
1196 3859 1301 3924 plumbo,

181 3929 278 3994 appui.
297 3946 309 3977 c
317 3927 422 3993 plumbo,
433 3923 546 3994 acdssr.

215 4012 284 4074 §ab
311 4011 423 4065 Maniam
435 4009 539 4088 Curram,
551 4012 668 4062 Torrent.
680 4013 713 4062 ad
724 4013 815 4062 Horat.
833 4026 909 4063 earm.
927 4014 949 4064 L
964 4018 1003 4074 12,
1016 4018 1056 4062 41.
1075 4012 1113 4062 M.
1129 4010 1232 4074 Οιιήιιηι,
1245 4012 1299 4076 Ap·

180 4097 233 4162 pul.
251 4097 290 4152 M.
305 4095 409 4159 Ουήιιηι,
420 4113 462 4147 ae.
480 4096 519 4146 M.
534 4093 636 4157 θοήατη,
648 4098 672 4147 d.
690 4095 728 4148 M.
745 4093 900 4157 Gaiale.
918 4096 1049 4162 capenam,
1059 4098 1105 4148 D².
1117 4138 1149 4147 ..
1168 4095 1301 4160 hospitium,

183 4157 277 4215 ΟΜ.
304 4164 428 4231 hospitam,
445 4166 497 4216 Td.
524 4162 632 4227 bospitio,
649 4181 672 4214 a.
699 4162 850 4226 ablostiam,
866 4166 912 4216 D2.
936 4206 967 4216 ..
994 4181 1066 4229 rapu,
1083 4163 1180 4229 Appul.
1206 4178 1300 4225 rapum,

180 4228 293 4298 acdssr.
315 4273 341 4286 -
366 4230 566 4299 bilemqaqacd.
589 4229 797 4297 sed,Appu1.·.
821 4231 970 4298 anapput
992 4233 1021 4294 a,
1035 4236 1059 4284 d.
1082 4273 1113 4282 -
1139 4247 1191 4282 eam
1204 4230 1252 4294 viti,
1264 4231 1301 4280 ita
