2896 4792
162 281 227 345 420
518 295 722 346 urrunsnrs
743 296 939 346 moronus

162 447 297 514 Romani
318 447 561 531 conditoresque
581 448 762 514 inmensum
785 449 938 533 quiddam
961 461 993 514 et
1014 449 1088 515 hino
1110 473 1302 539 sumpsere,

161 548 310 636 quoniam
338 572 401 615 nou
427 549 556 614 aliunde
585 549 730 636 sagmina
755 551 789 614 in
810 551 961 617 remediis
983 550 1120 637 publicis
1142 553 1241 620 farere
1266 565 1302 621 et

161 651 193 715 in
222 651 320 716 sacris
347 649 625 738 legationibusque
658 651 827 716 verbenae.
865 649 962 717 Certe
991 663 1128 736 utroque
1158 655 1300 721 nomine

159 752 245 820 idem
278 752 477 839 significatur
508 751 568 817 hoo
597 762 646 817 est
678 775 812 839 gramen
845 774 886 818 ex
918 775 991 817 arce
1023 775 1096 818 cum
1119 777 1180 820 sua
1204 766 1300 824 terra

160 855 319 933 evolsum,
342 876 380 918 aa
402 876 567 940 sempera
589 853 722 941 legatis,
750 876 824 918 cum
846 853 887 918 ad
909 853 1009 920 hostis
1032 855 1298 943 clarigatumque

159 956 358 1021 mitterentur
386 955 421 1018 id
448 966 497 1021 ast
523 977 575 1020 res
600 966 710 1040 raptas
732 955 816 1021 clare
839 956 1028 1039 repetitum,
1062 979 1147 1021 unus
1175 960 1298 1046 utique

159 1057 369 1124 verbenarius
392 1055 575 1121 vocabatur.

201 1157 263 1222 ΠΙ.
297 1160 327 1222 4.
365 1157 493 1226 Corona
524 1157 653 1241 quidem
688 1157 775 1222 nulla
803 1157 864 1221 fuit
890 1157 1056 1244 graminea
1078 1159 1228 1226 nobilior
1258 1163 1329 1229 ins

158 1259 325 1325 maiestate
341 1259 449 1345 populi
463 1269 619 1323 terrarum
631 1258 787 1344 principis
800 1258 1014 1342 praemiisque
1031 1260 1170 1346 gloriae,
1192 1286 1296 1352 gem·

158 1370 263 1426 mutae
285 1373 317 1426 et
339 1384 464 1437 aureae,
486 1360 632 1437 vallares,
655 1359 805 1436 murales,
828 1370 994 1436 rostratae,
1017 1360 1147 1440 civicae,
1171 1364 1294 1431 trium.

159 1461 269 1549 phales
300 1474 374 1548 post
406 1462 490 1526 hanc
523 1463 612 1525 fuere
645 1474 784 1543 suntque
813 1472 946 1524 cunctae
972 1484 1089 1548 magno
1100 1463 1297 1535 ‘intervallo

158 1585 337 1649 magnaque
366 1561 556 1626 differentia.
595 1558 731 1626 Ceteras
758 1561 861 1626 omnis
889 1561 1008 1649 singuli
1037 1574 1069 1627 et
1095 1564 1195 1630 duces
1224 1569 1328 1655 ipsit

159 1663 422 1751 imperatoresque
443 1662 597 1727 militibus
620 1675 676 1725 aut
697 1663 869 1746 aliquando
892 1663 1034 1752 conlegis
1063 1663 1199 1746 dedere,
1231 1669 1295 1736 de-

159 1765 262 1829 crevit
277 1765 310 1829 in
327 1763 496 1849 triumphis
511 1774 641 1828 senatus
659 1786 736 1828 cura
749 1763 825 1829 belli
848 1763 972 1830 solutus
994 1775 1026 1829 et
1047 1766 1188 1850 populus
1203 1769 1295 1835 otio-

160 1887 231 1941 sus;
267 1865 327 1932 IV.
351 1865 516 1951 graminea
538 1887 712 1949 numquam
738 1863 801 1928 nisi
828 1864 861 1928 in
890 1865 1111 1952 desperatione
1134 1890 1297 1953 suprema

118 2033 120 2037 ,
160 1966 305 2054 contigit,
327 1966 406 2030 nulli
427 1965 490 2031 nisi
512 1966 553 2032 ab
575 1965 725 2031 universo
747 1965 892 2030 exercitu
915 1978 1039 2032 servato
1057 1968 1197 2032 decreta.
1222 1968 1296 2035 Ce-

160 2080 245 2132 teras
266 2066 465 2152 inperatores
486 2068 616 2144 dedere,
637 2067 720 2132 hanc
735 2067 834 2132 solam
849 2067 939 2132 miles
954 2067 1136 2152 inperatori.
1159 2068 1296 2139 Eadem

159 2177 291 2234 vocatur
312 2167 520 2233 obsidionalis
542 2168 685 2233 liberatis
705 2167 872 2232 obsidione
896 2167 1173 2252 abominandoque
1196 2173 1297 2239 exitu

159 2271 234 2336 totis
255 2271 381 2336 castris.
405 2269 502 2352 Quod
526 2270 553 2336 si
575 2270 696 2335 civicae
717 2270 818 2334 honos
832 2292 898 2335 uno
913 2270 1020 2354 aliquo
1041 2293 1078 2362 aa
1099 2273 1151 2337 vel
1164 2273 1329 2341 humil-8

157 2368 234 2437 limo
257 2371 325 2437 cive
348 2383 473 2438 servato
495 2371 681 2459 praeclarus
703 2392 855 2454 sacerque
877 2369 1029 2448 habetur,
1052 2371 1130 2455 quid
1152 2374 1295 2444 tandem

160 2473 345 2538 existumari
368 2473 464 2538 debet
486 2475 580 2538 unius
602 2473 720 2538 virtute
743 2484 888 2537 servatus
910 2472 1080 2538 universus
1101 2476 1297 2543 exercitus?

158 2573 306 2639 Dabatur
331 2558 410 2639 haec
438 2574 532 2639 viridi
561 2597 579 2638 e
607 2573 752 2661 gramine
779 2573 928 2659 decerpto
948 2572 1035 2652 inde,
1055 2574 1112 2640 ubi
1132 2574 1296 2644 obsessos

160 2686 321 2741 servasset
349 2675 475 2760 aliquis.
512 2673 661 2759 Namque
690 2696 847 2739 summum
875 2674 963 2758 apud
984 2675 1131 2758 antiquos
1154 2675 1295 2762 signum

160 2775 314 2841 victoriae
341 2789 410 2842 erat
436 2777 569 2842 herbum
596 2775 763 2861 porrigere
790 2774 893 2840 victos
914 2774 975 2840 hoc
998 2786 1047 2841 est
1074 2786 1159 2841 terra
1181 2790 1218 2843 et
1239 2783 1294 2847 al-

160 2874 237 2941 trice
262 2878 333 2962 ipsa
356 2876 454 2942 humo
481 2887 513 2943 et
539 2876 725 2941 humatione
754 2875 850 2940 etiam
878 2877 1010 2956 cedere,
1042 2899 1138 2962 quem
1160 2901 1295 2948 morem

135 2976 256 3049 ,etiam
277 3000 363 3042 nunc
384 2977 500 3043 durare
522 2979 610 3064 apud
633 2977 812 3044 Germanos
835 2977 910 3043 scio.

193 3179 239 3240 lu'c,
251 3181 334 3232 Rvo.
352 3197 384 3233 ⁸.
404 3183 479 3234 alium
491 3184 638 3252 desaymiua,
650 3187 683 3236 V.
701 3185 814 3250 segmina,
826 3187 859 3236 K.
878 3226 909 3235 -
929 3184 1132 3251 baasamque,
1144 3187 1200 3238 Rd.
1221 3187 1294 3254 lepa-

161 3246 336 3313 tr'onibusquue,
353 3252 387 3301 V.
406 3251 574 3318 kpoticuiboa
593 3256 667 3304 codd.
685 3254 790 3305 Gal...
808 3254 935 3313 uerbenae,
953 3256 976 3304 d.
996 3254 1104 3315 herberte,
1120 3255 1154 3304 V.
1179 3257 1295 3321 verbere,

160 3315 191 3366 Β
212 3357 242 3366 -
261 3326 365 3382 atroque,
378 3321 410 3370 R.
431 3322 624 3385 atroque,d.·1n
635 3323 662 3372 V
673 3330 773 3385 unaque
784 3324 825 3372 vel
837 3330 948 3384 sucoque
959 3322 1058 3386 legitur.
1078 3363 1108 3371 -
1127 3338 1240 3385 exorso,
1255 3329 1294 3378 K.

161 3423 192 3434 ..
211 3383 423 3449 ekyatiaVTd.
451 3386 635 3453 allegatiRss.
655 3431 685 3439 ..
714 3389 791 3439 idest
806 3404 857 3452 νας
879 3388 926 3452 ρίο
944 3391 984 3439 his
999 3405 1039 3438 vv.
1057 3390 1134 3440 habet
1151 3388 1181 3438 id
1196 3408 1236 3440 ras
1255 3395 1295 3456 R,

159 3449 187 3501 t'd
197 3451 294 3516 ciforcs
305 3455 360 3505 Vd.
380 3498 411 3506 -
431 3465 515 3520 raptas
527 3456 619 3505 clarere
626 3457 737 3520 pipitum,
753 3450 782 3507 θ.
801 3498 832 3507 -
852 3456 1013 3519 verberorias,
1022 3458 1054 3508 Β.

192 3520 244 3584 96.
271 3529 388 3570 terrorum
401 3523 527 3588 principis,
544 3527 568 3575 d.
595 3532 757 3587 terrorumque
770 3523 905 3588 principiis,
921 3524 984 3574 Ru.
1008 3565 1039 3574 ..
1064 3522 1239 3589 praemiisque,
1256 3531 1293 3581 R.

154 3587 291 3650 praemium
307 3597 341 3647 ut,
357 3591 412 3640 Vd.
435 3633 466 3641 -
493 3592 653 3656 geminatae,
668 3593 701 3643 R.
726 3632 754 3640 -
783 3607 866 3652 auras,
882 3591 914 3641 Β.
937 3633 968 3640 -
995 3589 1105 3652 murales,
1124 3607 1176 3642 om.
1193 3593 1227 3644 Β.
1256 3637 1293 3647 -

159 3661 215 3702 sant
226 3670 295 3717 quoe,
306 3657 340 3706 V.
360 3698 390 3706 -
409 3674 502 3723 mupno,
515 3675 566 3709 om.
579 3662 610 3712 T.

192 3719 244 3782 §a
271 3722 319 3787 ipsi
335 3722 411 3786 duces,
424 3729 446 3776 d.
466 3768 497 3776 ..
524 3726 626 3792 collegis,
639 3728 672 3777 V.
699 3725 810 3791 collegiis,
821 3722 920 3791 nostr.
942 3726 1293 3785 ultramuraneum.

157 3805 182 3854 p.
196 3795 254 3840 611.
274 3832 305 3841 -
327 3792 579 3855 promineam‚RVd.
599 3836 629 3844 -
653 3793 821 3858 dt‘aperntm,
832 3794 863 3844 R.
883 3835 914 3844 -
937 3794 1082 3855 servatqdl.
1107 3803 1215 3858 servata,
1226 3798 1292 3852 Vd.

156 3859 527 3990 {coactuaobrigionemnlm
540 3865 563 3913 d.
582 3903 612 3912 ..
638 3860 758 3922 laboratus,
771 3863 802 3913 Β.
823 3902 853 3912 ..
875 3860 1014 3923 unitatatis,
1030 3855 1139 3913 Ovud.
1166 3862 1292 3930 ataine,

207 3935 352 3987 annotatos,
404 3965 410 3978 .

191 3995 242 4058 58.
269 4010 299 4042 cc
314 3993 358 4057 uel,
373 3943 436 4046 liv.
463 3992 507 4056 vel,
524 3999 548 4045 d.
568 4037 598 4045 -
624 4013 759 4060 praecerat,
775 3999 807 4047 Β.
827 4037 858 4046 ..
885 3995 978 4059 virtuts,
991 3997 1047 4049 Vd.
1073 3998 1231 4057 suutute‚R.
1255 4043 1292 4054 ,

157 4058 248 4120 viridas,
264 4055 373 4113 θΒΤᾱ.
392 4104 422 4112 ..
441 4063 579 4127 eqramine,
592 4064 645 4114 Td.
662 4064 779 4129 prumiae,
790 4064 824 4115 V.
841 4063 962 4128 gramina,
974 4064 1007 4114 Β.
1025 4104 1056 4114 ..
1075 4062 1191 4128 decrepto,
1204 4065 1238 4116 R.
1255 4111 1292 4122 .,,

157 4128 270 4189 obsessua
281 4132 305 4179 d.
324 4171 355 4180 ..
371 4131 488 4194 poripere,
499 4131 534 4196 V.
553 4172 584 4180 -
603 4130 770 4192 lameritionc,
781 4133 837 4183 Vd.

190 4196 205 4258 5
218 4200 241 4245 9.
265 4195 353 4258 Sirius,
368 4198 482 4249 meliores
493 4197 551 4247 libri
563 4213 604 4262 ap.
616 4198 724 4249 Salmas.
736 4214 819 4250 exerc.
830 4215 856 4265 p.
869 4205 909 4249 34.
922 4200 947 4248 b.
958 4200 992 4250 D.
1011 4239 1043 4249 -
1061 4197 1181 4261 meruisse,
1193 4201 1229 4250 V.
1253 4245 1290 4256 ,

128 4294 129 4299 =
159 4257 246 4323 CXX,
257 4263 310 4313 Bd.
331 4261 386 4329 ΗιΙι,
397 4265 431 4316 V.
453 4303 485 4315 -
508 4263 617 4329 maella,
629 4267 654 4316 d.
672 4264 761 4318 omtn.
772 4267 835 4327 RV.
855 4307 887 4316 -
912 4265 944 4318 Ρ.
956 4266 1047 4318 Dara
1060 4265 1127 4330 Mur,
1141 4266 1174 4318 B.
1202 4265 1295 4323 doctu
