2896 4792
195 320 260 388 660
544 333 750 382 ιιιιιιιιιιι
773 333 968 383 merome

194 507 323 571 queque
344 496 376 552 et
396 483 619 550 intestinorum
636 485 778 562 dolores;
807 495 1024 552 verumtamen
1047 507 1140 550 omne
1162 485 1326 571 pallorem

194 587 380 656 bibentibus
400 587 515 674 gignit.
538 586 590 651 Ita
612 595 698 652 certe
720 586 837 664 ierunt,
860 586 956 653 Porci
972 587 1124 652 Latronis
1141 586 1220 652 clari
1234 586 1326 652 inter
1343 602 1394 648 leo

194 690 366 778 magistros
393 688 521 755 dicendi
548 688 768 754 adsectatores
796 687 1035 755 similitudinem
1063 689 1178 753 coloris
1201 688 1325 754 studiis

193 790 351 858 contracti
370 789 510 856 imitatos
532 799 565 855 et
585 788 682 876 paulo
702 798 777 855 ante
798 788 919 855 Iulium
933 787 1105 854 Vindicem
1120 788 1324 854 adsertorem

192 892 283 959 illum
304 914 325 957 a
344 891 473 958 Nerone
493 889 651 956 libertatis
672 890 855 976 captatione
877 890 1058 956 testamenti
1085 890 1132 955 sie
1151 889 1322 955 lenocina-

193 1003 271 1059 tum.
293 991 429 1059 Narium
450 990 639 1078 sanguinem
660 990 796 1078 pastillis
816 991 955 1057 inditum
975 992 1082 1058 velex
1096 1001 1188 1056 aceto
1201 1012 1322 1057 reeens

193 1093 278 1160 sistit
303 1104 336 1159 et
360 1093 524 1160 oculorum
551 1091 715 1179 epiphoris
741 1115 801 1178 per
829 1115 863 1158 se
889 1093 1081 1179 inpositum,
1120 1093 1323 1159 tumentibus

129 1218 137 1233 ··
193 1217 268 1262 eum
298 1195 391 1261 melle
423 1194 569 1281 prodest3
606 1193 784 1259 infantibus
814 1194 924 1281 inponi
950 1194 985 1259 in
1011 1205 1124 1259 ventre
1150 1193 1228 1259 satis
1258 1205 1322 1260 est.

193 1296 310 1363 Morbo
336 1297 427 1384 regio
448 1297 483 1362 in
502 1296 579 1363 vino
604 1295 676 1362 albo
698 1319 718 1361 a
737 1295 873 1362 balineis
895 1295 1003 1373 datur,
1025 1294 1106 1361 XV.
1145 1295 1322 1382 Aethiopi·
1340 1310 1387 1356 lei

193 1421 267 1466 cum
287 1421 439 1464 maxume
459 1398 492 1462 in
513 1420 614 1484 posca
635 1397 721 1464 etin
744 1397 913 1484 ecligmate
935 1419 1009 1462 eum
1030 1396 1138 1474 melle3
1160 1397 1324 1464 Ahieano

192 1500 345 1587 privatim
357 1500 470 1566 urinae
483 1499 742 1565 incontinentiam
756 1497 897 1564 cohib'eri
911 1508 1036 1584 putant.
1064 1495 1208 1564 Sativom
1222 1497 1324 1562 datur

192 1603 235 1671 ad
249 1601 399 1669 iocineris
418 1601 499 1667 vitia
511 1611 641 1680 tostum,
663 1600 775 1666 tritum
788 1600 823 1664 in
837 1609 938 1678 aceto,
961 1599 1039 1665 item
1053 1600 1095 1663 ad
1113 1598 1322 1686 vertiginem,

192 1703 234 1771 iis
261 1725 338 1772 vere
360 1724 441 1789 quos
462 1703 567 1769 aerior
587 1700 682 1767 urina
703 1701 847 1768 mordeat
866 1701 902 1766 in
923 1700 1011 1766 dulei
1035 1701 1156 1779 tritum,
1183 1700 1225 1765 ad
1246 1701 1322 1767 vol-

194 1828 308 1871 varum
330 1805 409 1871 vitia
422 1804 457 1870 in
472 1804 547 1870 vino
561 1813 753 1889 praeterque
772 1802 921 1888 inpositis
934 1802 1051 1868 vellere
1065 1801 1165 1880 foliis,
1188 1801 1324 1869 testium

193 1907 373 1974 mmoribus
400 1915 518 1972 tostum
545 1905 720 1988 tritumque
748 1927 821 1971 eum
842 1903 936 1971 melle
957 1913 1014 1969 aut
1033 1920 1109 1970 ¹cum
1130 1926 1263 1969 rosaceo
1286 1915 1324 1969 et

63 2042 77 2069 ι
129 2032 135 2039 ·
193 2029 277 2073 eera.
302 2004 460 2072 Silvestre
481 2007 523 2071 ad
545 2006 653 2072 omnia
675 2005 788 2071 eadem
802 2006 972 2084 efficacius,
995 2016 1164 2092 praeterea
1184 2004 1227 2068 ad
1249 2025 1323 2071 scr·
1339 2017 1390 2064 169

193 2108 301 2194 pentis
323 2130 397 2174 eum
418 2107 506 2186 oleo,
528 2108 570 2173 ad
592 2109 795 2192 scorpiones,
819 2108 1064 2194 scolopendras;
1098 2107 1183 2172 sistit
1204 2116 1238 2171 et
1259 2127 1323 2171 vo-

194 2208 359 2275 mitionem
379 2210 575 2293 nausiasque
596 2231 637 2274 ex
658 2209 750 2287 vinc,
779 2220 934 2292 quantum
957 2208 1229 2295 adprehenderint
1252 2218 1324 2275 tres

194 2310 305 2397 digiti3
343 2321 476 2397 propter
497 2310 602 2376 colum
622 2331 751 2394 quoque
778 2310 901 2376 bibitur
921 2311 1130 2394 inliniturque
1151 2311 1203 2376 vel
1223 2310 1323 2396 peni-

193 2412 275 2479 cillis
297 2412 429 2478 fervens
450 2411 641 2499 adprimitur
661 2411 779 2477 fasciis.
813 2411 1091 2500 strangulationes
1120 2412 1235 2477 volvae
1257 2434 1322 2497 po-

193 2524 263 2579 tum
287 2515 322 2578 in
347 2513 424 2579 vino
450 2514 556 2601 aperit
582 2513 685 2580 tribus
713 2513 873 2580 drachmis
898 2513 934 2578 in
962 2515 1064 2580 tribus
1085 2513 1210 2599 cyathis
1231 2513 1323 2590 vini3

192 2614 324 2682 auribus
350 2615 524 2682 instillatur
551 2615 593 2680 ad
615 2615 736 2681 sonitus
757 2626 854 2699 atque
877 2615 1012 2681 tinnitus
1034 2638 1107 2682 cum
1132 2616 1209 2681 sebo
1232 2614 1325 2679 vitu-

191 2717 257 2783 lino
278 2716 330 2783 vel
350 2717 444 2783 melle
450 2740 460 2793 3
494 2715 676 2805 suggillatis
705 2715 850 2781 inlinitur
873 2739 946 2783 eum
967 2717 1061 2785 melle
1083 2728 1116 2783 et
1136 2739 1202 2782 uva
1221 2737 1326 2801 passa

193 2829 226 2884 et
246 2828 352 2897 aceto,
373 2818 522 2906 lentigini
543 2819 656 2906 nigrae
678 2840 720 2882 ex
741 2828 845 2885 aceto.

224 2955 491 3020 ρῲιιὶιὸἰόιιιιίὸιιι,6.

226 3022 306 3083 §160
318 3025 441 3086 mntraeti,
449 3040 472 3073 a.
488 3022 720 3084 conbeauctiffld
731 3023 881 3086 testamentis,
891 3018 937 3074 Od.
952 3026 1022 3076 Haec
1031 3041 1091 3074 vero
1100 3024 1229 3085 verba,ut1
1238 3026 1324 3088 vulgo

193 3091 321 3170 leguntur,
328 3106 405 3142 nemo
415 3060 500 3142 adhuc
512 3091 642 3156 explicuit,
651 3091 696 3140 rix
705 3091 839 3155 quiequam
851 3063 978 3173 eriplieere
987 3094 1104 3156 potuerit.
1122 3093 1204 3142 Iulius
1212 3093 1325 3143 Vindex

192 3158 323 3208 cuminum
334 3159 427 3210 bibisse
438 3160 536 3220 dicitnr,
548 3165 577 3209 ιιι
589 3159 679 3209 debilis
691 3167 716 3209 et
727 3161 802 3210 morti
814 3162 972 3225 propinquus
984 3162 1118 3212 videretur.
1138 3161 1228 3210 Voluit
1241 3160 1326 3222 igitur

192 3225 352 3290 heredipetas
363 3225 458 3288 saliere,
475 3228 518 3290 qui
530 3227 584 3279 eius
595 3234 773 3278 testamentum
784 3230 926 3293 captabant.
944 3230 1014 3280 Luce
1026 3229 1118 3279 elarius
1131 3236 1169 3279 est
1180 3229 1325 3278 Vindicem

193 3307 247 3344 nen
263 3293 438 3344 lenocinatum
455 3309 510 3346 esse
526 3310 571 3359 per
588 3294 771 3359 captationem,
793 3312 882 3347 verum
903 3297 990 3361 potins
1008 3312 1066 3347 eum
1083 3304 1225 3361 captatores
1242 3303 1324 3346 testa·

119 3389 125 3398 ·
194 3362 273 3410 menti
285 3361 406 3412 allexisse
418 3364 451 3413 ad
462 3377 489 3413 se
502 3364 636 3413 colendum
649 3371 675 3412 et
686 3364 856 3425 ambiendum,
873 3372 903 3415 ut
915 3379 980 3428 quos
992 3379 1093 3428 sperare
1103 3366 1200 3415 iuberet
1215 3376 1281 3413 mox
1292 3376 1324 3414 se

194 3428 354 3490 moriturum,
370 3429 504 3480 faverem
497 3431 574 3493 igitur
585 3431 701 3481 Vindicis
713 3434 854 3495 parandum
866 3447 929 3493 esse,
946 3440 976 3481 nt
991 3440 1088 3496 partem
1105 3433 1217 3495 aliquam
1233 3432 1270 3480 rei
1282 3429 1324 3480 ia-

194 3495 318 3547 miliaris'
310 3497 371 3561 rpais
383 3499 488 3562 legaret.
510 3499 682 3562 Legendum
675 3499 751 3561 igitur
769 3507 807 3550 est
823 3498 964 3563 captationi,
982 3501 1067 3550 dativo
1079 3502 1204 3564 pendente
1214 3513 1231 3546 a
1242 3499 1324 3549 verbo

194 3561 359 3615 ὼιιοιίιιαιιιιι
382 3565 533 3630 Captatores
547 3567 691 3617 testamenti
706 3567 835 3617 alliciebat
845 3567 942 3631 pallido
955 3581 1002 3617 sue
1015 3567 1111 3627 colore,
1127 3574 1156 3616 ut
1167 3567 1226 3616 leno
1239 3566 1325 3616 allicit

194 3641 382 3697 praetereuntes
397 3633 484 3684 fucata
498 3635 688 3698 pulchritudine
703 3635 872 3684 meretricum.
891 3635 1033 3684 Ludibrio
1026 3636 1103 3698 igitur
1115 3634 1204 3684 habuit
1214 3633 1325 3684 Vindex

195 3701 363 3765 heredipetas,
379 3716 488 3764 quorum
505 3703 593 3752 artes'
586 3717 613 3751 ιιι
626 3701 714 3752 favore
729 3702 863 3750 hominum
881 3701 987 3751 divitum
999 3705 1124 3767 captando
1137 3701 1233 3766 positas
1246 3700 1325 3750 multi

195 3767 278 3831 lepide
290 3769 447 3832 deseribunt3
459 3785 483 3819 v.
495 3769 585 3818 Horat.
598 3776 644 3819 sat.
655 3775 679 3828 2,
689 3774 721 3829 5.,
733 3769 844 3818 Martial.
858 3775 881 3831 6,
892 3775 932 3819 63.
944 3776 970 3819 et
981 3769 1068 3820 Inven.
1083 3776 1123 3831 12,
1136 3775 1176 3819 96.
1193 3768 1326 3831 Exempla

195 3849 255 3885 vero
275 3837 478 3901 heredipetarum
495 3851 541 3900 spe
557 3851 605 3886 sua
619 3850 636 3885 a
652 3836 751 3885 callidis
762 3836 881 3886 divitibus
894 3837 1039 3889 homiuibus
1056 3840 1218 3901 deceptorum
1229 3836 1324 3898 legun-

197 3909 237 3952 tur
252 3905 322 3967 apud
337 3905 404 3955 Plin.
422 3920 479 3969 epp.
495 3903 530 3952 IL
548 3909 589 3964 96,
609 3907 632 3954 7.
655 3902 730 3952 VIIL
750 3909 790 3953 16.
807 3912 833 3952 et
848 3904 953 3955 Lueian.
971 3906 1065 3968 dialog
1082 3912 1158 3954 mort
1176 3909 1199 3964 6,
1213 3909 1236 3953 9.
1260 3908 1284 3964 9,
1299 3909 1325 3953 6.

196 3970 268 4020 Fecit
283 3984 345 4034 erge
362 3971 443 4023 Iulius
454 3971 577 4022 Vindex
570 3985 598 4020 ιιι
608 3985 635 4020 re
646 3971 746 4021 minore
756 3971 784 4021 id
795 3974 865 4034 qued
875 3971 975 4034 aliquot
986 3973 1094 4023 saeculis
1105 3979 1165 4049 post
1177 3938 1267 4022 Sixtua
1277 3971 1324 4032 V.,

196 4045 226 4086 ut
241 4039 331 4088 sellam
346 4054 443 4091 sacram
458 4039 679 4090 adscenderet..
703 4035 788 4099 celer,
800 4054 823 4088 a.
849 4037 986 4099 6666-
1008 4039 1114 4102 66666
1140 4038 1182 4100 eia,
1194 4053 1274 4088 a...
1301 4005 1327 4086 el

198 4102 354 4154 oculorum..
361 4106 496 4155 tameutcbua
508 4121 569 4166 uem,
582 4121 634 4155 om.
646 4121 720 4155 6..
739 4104 849 4167 ventrali,
860 4107 949 4156 Dalee.

231 4173 317 4235 ilffl·
340 4172 448 4234 botiaco,
465 4175 502 4224 ad
519 4170 606 4236 (codd.
619 4170 690 4235 (iel.)
718 4171 814 4234 666666,
830 4169 859 4234 β.
881 4176 1024 4239 Exscripsit
1040 4176 1104 4225 haee
1119 4174 1185 4224 Plin.
1197 4173 1285 4223 Valer.
1299 4178 1326 4234 2,

200 4243 291 4288 69.-
316 4238 501 4373 6666ἴὲ6163,
504 4245 549 4293 ad.
575 4239 612 4290 bie
628 4239 868 4304 acceptumst
816 4243 840 4293 Τ
856 4240 943 4304 (codd.
955 4240 1080 4302 Get)-
1107 4240 1237 4306 ulamau,
1254 4241 1325 4291 Pint.

198 4303 327 4370 clamate,
338 4307 365 4358 Κ
473 4315 494 4357 te
513 4304 656 4374 adflr.-
680 4307 792 4371 cobibera
805 4326 829 4361 a.
848 4351 880 4360 ...
902 4307 1067 4374 odiceioerie,
1078 4326 1101 4361 a
1125 4307 1325 4370 etodiouaera'r,
