2896 4792
395 272 568 323 nraxrn.
597 271 803 320 caaxxvn.
831 267 1029 317 sacrare
1207 245 1270 315 133

83 458 89 479 ³
147 429 321 497 evolavere·
336 449 400 492 non
422 424 629 491 inveniuntur
648 424 737 490 intus
757 443 861 512 grana
880 441 963 505 quae
984 418 1018 483 in
1031 440 1088 484 eos
1102 438 1196 482 versa
1209 417 1267 481 ad-

147 541 258 618 paret;
280 528 420 594 exeundi
441 537 530 592 tanta
550 538 601 592 est
622 525 760 591 aviditas
780 535 817 588 ut
830 522 976 609 plerique
990 530 1048 585 aut
1060 519 1144 605 pede
1158 518 1269 585 relicto

146 643 205 698 ant
225 631 343 717 pinnae
364 617 456 715 parte
476 639 657 713 erumpant.
679 627 742 692 Est
761 636 795 690 et
815 623 903 689 aliud
917 644 1020 709 genus
1035 621 1175 687 culicum
1188 642 1270 704 quos
1379 701 1391 713 “

146 743 264 799 vocant
284 731 453 808 centrinas,
476 730 559 796 fucis
581 730 689 815 apium
712 726 830 792 similes
851 724 981 812 ignavia
996 722 1181 806 malitiaque
1196 743 1270 787 cum

147 834 292 920 pernicie
313 854 460 898 verorum
482 842 515 896 et
537 830 681 907 utilium3
704 827 893 894 interimunt
911 827 996 892 enim
1010 825 1082 892 illos
1096 835 1193 909 atque
1205 823 1270 910 ipsi

147 935 396 1001 conmoriuntur.
429 931 561 997 chant
582 942 614 995 et
636 930 739 996 tincae
763 930 883 995 semina
896 928 1040 1004 ficorum,
1063 938 1174 993 contra
1188 946 1270 1009 quas
1283 938 1332 985 tto

146 1035 325 1102 remedium
349 1034 385 1098 in
412 1033 525 1097 eodem
554 1031 666 1096 scrobe
687 1031 837 1096 defodere
859 1031 976 1095 taleam
995 1028 1120 1097 lentisci
1142 1027 1271 1094 inversa

87 1164 90 1170 ·
147 1147 241 1223 parte
261 1157 345 1220 quae
367 1134 465 1200 luerit
487 1133 697 1198 acacumine.
721 1131 910 1197 Uberrimas
925 1142 1032 1197 autem
1045 1129 1126 1195 ficus
1140 1127 1270 1197 rubrica

146 1260 278 1303 amurca
299 1236 400 1301 diluta
421 1245 453 1300 et
467 1256 540 1299 cum
554 1234 629 1297 fimo
644 1226 754 1297 inlusa
768 1233 931 1297 radicibus
946 1231 1094 1296 frondere
1108 1230 1269 1314 incipien-

147 1337 227 1402 tium
240 1337 326 1402 faoit.
350 1335 584 1421 caprificorum
605 1334 778 1400 laudantur
799 1338 950 1398 maxume
972 1334 1083 1420 nigrae
1109 1343 1141 1397 et
1162 1333 1196 1397 in
1210 1353 1269 1416 pe·

146 1439 250 1516 truria
271 1439 422 1522 quoniam
442 1438 605 1501 frumenta
626 1437 775 1521 pluruma
796 1435 951 1512 habeant,
981 1433 1175 1520 caprificatio
1198 1432 1270 1520 ipsa

146 1549 222 1624 post
242 1538 387 1604 imbrem.

189 1639 437 1723 cumprimis
459 1652 565 1705 autem
589 1639 768 1705 cavendum
790 1662 830 1704 ne
853 1655 893 1704 ex
915 1637 1064 1703 remediis
1086 1636 1165 1701 vitia
1180 1635 1268 1715 fiant,
1282 1646 1330 1693 ²⁶⁷

144 1741 234 1824 quod
255 1740 361 1805 evenit
389 1741 488 1806 nimia
515 1752 572 1806 aut
599 1741 826 1826 intempestiva
853 1740 1022 1805 medicina.
1060 1737 1268 1803 Interlucatio

144 1841 314 1907 arboribus
334 1841 480 1927 prodest,
514 1841 571 1906 sed
593 1841 735 1907 omnium
756 1864 912 1908 annorum
934 1841 1105 1905 trucidatio
1128 1840 1268 1905 inutilis·

145 1945 235 2009 sima.
258 1942 344 2008 Vitis
366 1955 489 2007 tantum
513 1956 678 2008 tonsuram
700 1964 839 2007 annuam
858 1942 995 2026 quaerit,
1018 1943 1269 2007 alternamvero

84 2039 86 2043 ’
145 2056 279 2129 myrtus,
306 2044 454 2128 punicae,
482 2045 579 2121 oleae,
610 2044 686 2128 quia
707 2044 853 2109 celeriter
874 2043 1093 2109 fruticescunt.
1132 2040 1267 2109 Ceterae

145 2144 248 2210 rarius
275 2144 462 2221 tondentur,
495 2145 583 2209 nulla
609 2155 782 2222 autumn03
819 2168 856 2210 ac
882 2167 924 2210 ne
952 2145 1110 2211 raduntur
1135 2143 1267 2228 quidem

144 2245 205 2311 nisi
228 2268 313 2312 vere.
335 2244 506 2311 Putatione
528 2247 643 2332 plagae
657 2247 699 2310 ad
715 2245 823 2312 vitalia
837 2257 912 2314 sunt
925 2247 1031 2312 omnia
1045 2266 1265 2330 quaecumque
1292 2286 1297 2292 ·

144 2369 207 2411 non
230 2368 438 2432 supervacua
716 2402 719 2409 ,

186 2448 236 2511 46.
270 2443 392 2511 Similis
412 2447 478 2511 fimi
500 2448 590 2512 ratio.
615 2445 769 2514 Gaudent
790 2471 844 2526 eo,
878 2449 935 2514 sed
963 2450 1142 2514 cavendum
1168 2449 1327 2519 nei11²⁵8

144 2547 270 2612 fervore
292 2547 368 2612 solis
390 2548 612 2626 admoveatur,
640 2571 681 2614 ne
702 2549 911 2626 inmaturum,
938 2572 979 2614 ne
1007 2549 1145 2615 validius
1167 2570 1264 2632 quam

142 2669 226 2733 opus
254 2647 305 2713 sit.
344 2647 421 2713 Urit
448 2649 558 2714 vineas
586 2649 714 2715 suillum
741 2650 805 2714 nisi
825 2649 1044 2733 quinquennio
1066 2650 1263 2736 interposito,

144 2761 364 2834 praeterquam
389 2751 416 2815 ai
437 2750 541 2838 riguis
562 2751 714 2828 diluatur,
736 2761 801 2818 ete
816 2750 1022 2816 coriariorum
1038 2750 1188 2821 sordibus
1201 2751 1265 2816 nisi

142 2850 286 2915 admixta
316 2842 430 2935 aqua3'¹
450 2853 527 2916 item
558 2851 690 2938 largius.
726 2851 853 2917 Iustum
884 2853 1078 2918 existumant
1105 2852 1138 2916 in
1164 2852 1265 2918 denos

143 2952 242 3036 pedes
263 2952 437 3036 quadratos
459 2955 516 3018 tria
537 2954 677 3029 modios3
699 2953 733 3017 id
754 2955 883 3038 quidem
901 2955 961 3020 soli
976 2965 1091 3020 natura
1105 2955 1263 3020 decernet.

175 3157 261 3217 5254.
275 3160 558 3226 primocreata..
577 3161 727 3223 eacmoenbt,
735 3166 760 3213 d.
773 3204 805 3213 ..
823 3163 1097 3228 emin'sert'urquefflint-
1111 3205 1142 3215 ..
1160 3163 1263 3225 Eadem,

139 3241 164 3273 a.
184 3264 215 3274 ..
237 3241 297 3288 cum,
309 3229 391 3278 omitt.
403 3232 447 3279 ad.
467 3270 498 3278 ..
519 3229 670 3292 caprqficctr'o
682 3237 794 3291 matum,
806 3232 880 3282 Tad.
902 3232 1080 3296 caprfficatr'one
1092 3240 1222 3296 maturata,
1233 3227 1263 3294 β

175 3305 190 3366 §
203 3313 260 3358 255.
277 3304 299 3370 c,
312 3326 362 3360 om.
376 3313 400 3362 d.
418 3313 490 3363 Haec
501 3324 604 3376 sumpta
613 3321 672 3364 sunt
684 3328 716 3363 ex
728 3315 859 3378 Theophr.
872 3316 889 3365 l.
901 3316 919 3364 l.
933 3315 967 3366 11.
981 3323 1005 3375 8,
1017 3323 1041 3366 2.
1055 3357 1086 3366 -
1105 3317 1262 3380 manffrstuta,

139 3391 181 3423 ar.
199 3375 349 3440 maaifcrtum
360 3387 402 3439 cst,
412 3381 428 3427 d
433 3375 483 3444 βγ.
498 3421 530 3428 -
544 3380 635 3444 pinnae
643 3389 723 3444 parte,
738 3372 837 3431 Orat.
852 3398 933 3445 pertua
941 3383 1044 3446 pariter,
1056 3380 1085 3444 β.
1101 3425 1128 3434 ..
1149 3385 1262 3443 manac,

139 3457 159 3490 r.
179 3482 209 3491 -
229 3442 318 3506 apium,
330 3448 374 3494 ad.
393 3462 472 3509 apum,
484 3443 514 3507 β.
535 3488 566 3496 -
585 3448 774 3511 commoriuntur,
790 3440 818 3498 θ.
836 3449 975 3511 moriuntur,
987 3446 1079 3515 adssr.

174 3528 259 3589 §aaa
286 3544 387 3591 quoqa.
400 3569 432 3579 ..
449 3530 562 3594 remedia,
575 3532 629 3582 Τὰ.
644 3573 675 3581 ..
694 3530 783 3594 cadem,
792 3548 815 3582 a.
829 3573 859 3582 ..
880 3531 1051 3594 ταίεανη,Ρίῐιι.
1070 3533 1261 3598 Italr'am,'l'ad.

139 3590 260 3653 Italicam,
272 3590 301 3656 β.
321 3637 351 3645 ..
374 3595 471 3657 taraci,
484 3599 558 3648 Tad.
581 3596 708 3661 lentiscum,
719 3595 749 3661 β.
768 3640 799 3649 ..
824 3598 1043 3662 mantuanum.
1056 3604 1081 3652 d.
1101 3600 1199 3663 lubrica,
1213 3597 1261 3652 Oa.
1328 3642 1341 3655 .

141 3701 171 3710 ..
182 3659 301 3725 frondere
316 3663 483 3726 recipientium,
495 3667 520 3714 d.
538 3665 630 3728 fronde
647 3666 849 3730 recipientium.
869 3708 900 3717 ..
918 3668 1020 3719 maritae
1036 3668 1173 3732 laudantur,
1185 3672 1209 3720 d.
1229 3709 1260 3719 -

138 3727 252 3858 quopipnp
258 3728 405 3846 [tabam
421 3739 481 3794 post
491 3748 514 3781 v.
523 3733 592 3797 facit
607 3736 718 3784 collocat
729 3735 796 3784 Pint.
813 3737 936 3799 probante
948 3736 1066 3789 Schneid.
1079 3740 1112 3789 ad
1124 3737 1261 3788 Columell.
1281 3733 1285 3740 ’

172 3876 187 3937 ξ
200 3883 256 3929 257.
284 3879 419 3936 radiantur,
432 3898 448 3930 a
458 3882 545 3945 (codd.
559 3885 667 3936 Salmas.
681 3901 763 3936 exere.
775 3902 801 3949 p.
814 3893 871 3937 412.
883 3889 907 3936 b.
919 3885 964 3951 Ε.)
982 3888 1131 3947 radicantur,
1144 3891 1167 3938 d.
1190 3890 1261 3940 Non-

138 3945 209 3994 nulla
225 3954 307 3996 mutat
323 3948 429 4000 Salmas.
457 3992 487 4000 -
516 3951 564 4000 nias·
578 3968 633 4005 aare
644 3954 775 4017 putatione.
792 3953 895 4018 Plaqae,
910 3951 940 4015 β.
969 3997 999 4005 ..
1024 3955 1109 4020 playa,
1122 3959 1158 4006 ad
1175 3954 1260 4017 (codd

138 4011 258 4075 Salmas.)
275 4013 405 4064 Putattbae
412 4017 503 4082 plopac
515 4018 550 4068 ad
560 4019 644 4069 uitalia
655 4021 703 4070 aiat
714 4038 792 4070 omnes
801 4029 824 4070 ct
832 4038 990 4086 quaecumque
997 4039 1146 4086 superuacua
1155 4021 1260 4086 enodeat,

137 4079 226 4130 Dalec.
244 4083 309 4130 Mihi
321 4098 367 4146 pro
379 4093 434 4133 aunt
444 4086 614 4150 rideturfiuat
625 4090 785 4141 scribendum
796 4105 858 4141 esse.

170 4165 257 4241 5258.
276 4165 337 4244 Μ
346 4168 417 4228 ratio,
430 4171 504 4219 codd.
518 4170 574 4222 Gel.
589 4173 709 4236 firmatrb,
721 4176 765 4224 ad.
788 4216 819 4224 „.
843 4190 880 4236 ca,
893 4175 966 4224 codd.
980 4174 1036 4225 Gal.
1056 4215 1086 4223 ..
1109 4174 1260 4245 inmutarupt,

137 4246 160 4278 a.
180 4237 401 4293 tmmatnrrua,'1‘d.
423 4277 452 4287 ,.
473 4235 600 4302 larqioriue
612 4247 667 4301 tum,
679 4243 724 4290 ad.
743 4283 774 4290 ..
794 4239 906 4302 domarit,
916 4257 938 4291 r.
