2896 4792
386 303 456 349 urs.
472 302 532 349 xx.
561 301 734 349 can-vm.
750 300 798 346 1x.
827 298 924 347 saar.
940 299 1022 343 aaa
1199 282 1260 347 311

138 467 266 539 tamque
288 475 358 520 esse
380 453 444 517 vim
466 463 501 516 ut
522 452 578 535 qui
601 462 683 517 terat
697 448 776 516 haee
792 449 977 515 validiorem
990 449 1061 513 fieri
1076 471 1111 514 se
1127 450 1260 525 sentiat3

137 579 214 644 ergo
238 555 291 621 vel
318 577 392 620 cum
419 552 470 617 his
492 555 599 618 tritam
620 552 814 618 sorbendam
836 553 948 617 velex
969 550 1029 617 hoc
1050 550 1186 617 intinctu
1207 568 1305 617 (ιι-81

137 656 296 735 mendam,
324 656 486 741 podagrae
514 664 623 720 autem
650 652 833 738 morbisque
861 652 1053 719 articulariis
1075 651 1168 717 inlini
1189 674 1263 719 oum

138 769 245 835 rutae,
274 755 432 822 coriandri
460 765 493 819 et
519 755 595 820 salis
623 755 723 833 mica,
750 752 861 820 hordei
883 755 1001 832 farina,
1032 775 1116 837 aqua
1135 775 1263 838 quoque

139 861 209 925 eius
236 859 368 925 decocta
394 879 511 922 nervos
537 857 755 940 articulosque
782 854 862 920 mire
883 855 996 920 iuvari.
1035 852 1072 921 si
1095 856 1263 922 foveantur

138 962 268 1026 volnera
289 971 321 1024 et
341 958 484 1024 recentia
505 969 538 1024 et
558 946 685 1036 ietera,
707 957 806 1023 etiam
828 957 1041 1022 carcinomata
1061 978 1145 1040 quas
1166 957 1263 1022 nullis

137 1060 209 1125 aliis
237 1059 478 1126 medicamentis
507 1058 613 1124 sanari
646 1058 774 1143 possint
808 1056 912 1122 foveri
940 1058 1029 1142 prius
1057 1057 1265 1141 calidaeque

137 1159 229 1226 iubet
245 1182 282 1226 ao
303 1161 353 1226 bis
375 1158 427 1224 die
449 1161 554 1223 tritam
576 1157 686 1243 inponi
693 1182 702 1232 3
727 1156 773 1222 sic
795 1158 891 1222 etiam
912 1157 1036 1222 fistulas
1059 1169 1091 1224 et
1105 1159 1216 1223 luxata
1231 1169 1265 1222 et
1278 1174 1309 1217 sa

139 1284 266 1327 umores
288 1262 415 1326 evocari
437 1280 584 1344 quaeque
606 1258 724 1323 discuti
746 1280 829 1342 opus
851 1258 910 1333 sit;
933 1258 1090 1323 insomnia
1104 1258 1200 1324 etiam
1215 1259 1264 1323 vi·

138 1362 295 1450 giliasque
322 1362 434 1427 tollere
462 1360 645 1436 decoctam,
674 1359 702 1422 si
723 1358 823 1423 ieiuni
845 1359 943 1424 edent
964 1380 1060 1443 quam
1081 1359 1263 1444 plurumam

137 1487 180 1528 ex
201 1464 271 1528 oleo
291 1474 326 1528 et
348 1460 431 1540 sale,
454 1460 608 1539 tormina,
631 1459 659 1525 si
681 1459 813 1534 decocta
833 1460 950 1524 iterum
972 1460 1183 1543 decoquatur,
1206 1460 1264 1525 ad·

138 1564 205 1629 dito
225 1565 310 1641 oleo,
333 1563 416 1640 sale,
445 1561 590 1639 cumino,
612 1560 761 1646 polenta3
794 1560 824 1625 si
845 1560 893 1625 ita
914 1571 1060 1626 sumatur
1081 1561 1149 1626 sine
1171 1582 1264 1645 pane,

139 1665 242 1750 magis
273 1664 478 1750 profuturam
485 1687 493 1740 ;
527 1663 611 1728 inter
644 1660 767 1745 reliqua
799 1661 896 1726 bilem
922 1662 1048 1728 detrahi
1074 1685 1133 1748 per
1155 1661 1265 1726 vinum

139 1765 269 1849 nigrum
295 1776 381 1850 pota.
416 1763 505 1846 Quin
534 1775 567 1829 et
588 1763 713 1828 urinam
735 1764 805 1828 eius
827 1763 882 1846 qui
904 1763 1082 1829 brassicam
1103 1761 1266 1829 esitaverit
1279 1778 1310 1823 aa
1365 1778 1372 1789 ’

139 1865 304 1930 adservari
333 1864 438 1944 iubet,
466 1862 721 1948 calefactamque
746 1864 856 1929 nervis
877 1865 1020 1930 remedio
1042 1887 1122 1930 esse.
1156 1863 1266 1930 Verba

138 1966 240 2051 ipsius
262 1963 419 2032 subiciam
440 1966 482 2029 ad
504 1966 746 2051 exprimendam
767 1966 978 2031 sententiam:
1003 1980 1143 2052 „pueros
1165 1965 1266 2051 pusil-

138 2069 187 2132 los
209 2068 236 2131 si
257 2068 344 2132 laves
364 2089 406 2133 ea
426 2067 530 2145 urina,
552 2088 726 2151 numquam
748 2067 865 2133 debilis
886 2067 991 2133 fieri.”
1015 2068 1161 2133 Auribus
1183 2089 1264 2152 quo·

138 2189 201 2251 que
224 2190 265 2232 ex
287 2169 360 2233 vino
382 2190 495 2234 sucum
517 2169 680 2235 brassicae
694 2171 840 2254 tepidum
861 2169 1011 2235 instillari
1035 2169 1148 2234 suadet
1167 2167 1265 2252 idque

139 2270 235 2333 etiam
258 2269 401 2333 tarditati
423 2268 619 2335 audientium
640 2271 794 2356 prodesse
812 2272 995 2349 adseverat,
1018 2282 1049 2335 et
1070 2270 1265 2356 inpetigines

137 2369 253 2432 eadem
275 2370 382 2432 sanari
403 2370 473 2434 sine
495 2371 612 2434 ulcere.

179 2471 234 2534 34.
263 2465 462 2534 Graecorum
492 2490 621 2552 quoque
656 2470 825 2553 opiniones
856 2471 921 2534 iam
948 2481 981 2535 et
1006 2469 1141 2535 (latonia
1167 2485 1310 2535 mussas

139 2571 215 2656 peni
237 2570 397 2648 convenit,
419 2568 514 2634 iniis
536 2570 704 2635 dumtaxat
723 2591 808 2653 quae
829 2570 882 2635 ills
897 2571 1154 2654 praetermiserit.
1181 2570 1265 2635 Bilis

141 2673 267 2736 trahere
289 2693 353 2735 non
374 2681 556 2756 percoctam
578 2681 710 2756 putant,
738 2670 815 2734 item
833 2671 941 2736 alvom
963 2672 1087 2736 solvere
1109 2672 1264 2737 eandem·

140 2793 202 2855 que
225 2772 275 2838 bis
296 2783 421 2837 coctam
443 2770 572 2848 sistere3
600 2771 677 2835 vino
705 2772 871 2836 adversari
892 2782 929 2836 ut
949 2771 1109 2838 inimicam
1131 2772 1262 2851 vitibus,

140 2873 349 2938 antecedente
376 2873 410 2936 in
439 2872 520 2938 cibis
549 2872 656 2938 caveri
678 2872 882 2951 ebrietatem,
910 2880 1023 2958 postea
1044 2883 1173 2960 sumpta
1193 2895 1264 2939 cra-

139 2973 249 3056 pulam
276 2972 410 3050 discuti3
444 2974 530 3039 hunc
562 2974 669 3039 cibum
697 2984 733 3037 et
764 2974 929 3039 oculorum
957 2975 1094 3040 claritati
1123 2975 1266 3040 conferre
1279 2989 1310 3033 ⁸5

139 3074 291 3153 multum,
322 3098 433 3142 sucum
462 3096 537 3140 vero
567 3074 686 3140 crudae
709 3074 759 3138 vel
782 3075 910 3163 angulis
933 3087 1055 3141 tantum
1077 3076 1170 3141 tactis
1192 3099 1266 3142 cum

174 3211 242 3271 579.
264 3210 400 3274 seliaoidea,
416 3215 505 3263 Dalec.
532 3211 673 3274 selinadam,
689 3216 734 3263 ad.
760 3212 879 3276 selinada,
896 3210 925 3276 β.
954 3214 1073 3279 seliaaide,
1090 3217 1171 3266 altera
1187 3217 1265 3268 Dala-

141 3280 233 3342 campii
245 3279 396 3328 coniectura.
414 3320 445 3329 -
465 3279 558 3339 heliam,
570 3281 615 3330 ad.
635 3278 702 3341 leam,
714 3277 854 3343 Barbaad
877 3319 883 3330 .
902 3323 933 3332 -
952 3284 1071 3345 carambe,
1084 3287 1127 3334 ad.

175 3348 247 3408 §8st
273 3343 538 3410 sciatilladonibasqae,
554 3362 576 3395 a.
603 3345 822 3411 scintillatioaiqae,
843 3296 943 3414 JTdr.
968 3391 999 3399 -
1026 3349 1089 3411 lieni,
1107 3366 1195 3415 margo
1213 3352 1266 3402 Da-

141 3413 258 3476 lecampii
270 3412 330 3462 coll.
343 3413 401 3464 Cat.
413 3415 445 3464 da
456 3429 483 3464 re
495 3422 557 3464 rust.
569 3419 626 3475 157,
640 3417 663 3465 7.
682 3411 808 3477 υ(1,(((1β.
822 3456 853 3467 -
871 3414 983 3478 comella,
994 3419 1018 3466 d.
1032 3459 1062 3468 ..
1081 3427 1160 3468 menta
1169 3428 1232 3480 rata,
1241 3421 1265 3469 d.

141 3521 171 3528 -
191 3480 233 3542 qai
245 3479 383 3541 irretisses,
395 3497 417 3531 a.
436 3489 548 3544 quantam
560 3478 595 3529 ad
605 3479 670 3541 liare,
683 3484 707 3532 d.
727 3523 758 3532 ..
776 3499 808 3544 se,
822 3498 873 3533 om.
885 3500 908 3535 a.

173 3551 188 3612 5
201 3554 242 3599 81.
260 3565 310 3597 cam
323 3547 367 3611 tis,
381 3551 397 3599 d
409 3547 496 3613 (codd.
510 3547 581 3611 Get.)
599 3549 708 3610 amica,
720 3566 743 3600 a.
762 3547 793 3600 .’.
813 3549 969 3613 malalarita
981 3568 1004 3602 a.
1023 3552 1201 3615 articularibus,
1212 3555 1265 3605 Ta.

141 3656 171 3665 ,
190 3623 254 3678 rata,
266 3617 291 3666 d.
311 3659 342 3666 -
360 3616 492 3679 ccnbadro,
506 3620 529 3668 (1.
549 3659 580 3666 -
598 3616 682 3680 micae,
694 3619 718 3666 (1.
739 3659 769 3668 ,
788 3616 870 3667 calida
880 3635 953 3682 aqva,
965 3622 1010 3670 ad.
1033 3636 1101 3684 aqva
1112 3620 1203 3682 calida,
1214 3617 1265 3686 βγ.

173 3685 189 3746 §
202 3690 242 3734 82.
257 3683 365 3746 fistulas,
378 3701 401 3736 a.
424 3684 451 3735 in
460 3684 572 3749 fistulas,
585 3686 609 3734 (1.
628 3725 659 3734 ..
683 3683 811 3747 aluvala,
823 3688 861 3736 rir
873 3688 962 3737 doetus
974 3691 1042 3753 apud
1053 3690 1194 3740 Barbamm
1207 3687 1264 3738 coll.

142 3750 197 3799 Ost.
214 3754 245 3800 de
260 3766 287 3801 rs
302 3761 362 3803 rust.
383 3753 848 3816 111111.ο1Ρ111110111161.4,19.
875 3752 992 3817 elisama
1005 3753 1074 3818 adst.
1094 3797 1125 3805 -
1152 3755 1266 3816 tumores,

140 3818 219 3866 Hard.
240 3825 346 3882 lamara,
360 3816 434 3883 adst.
454 3862 484 3870 -
502 3816 613 3884 qu'qae,
625 3836 647 3870 a.
675 3836 784 3884 qvasqve,
796 3823 849 3872 Τὰ.
870 3862 900 3872 ..
924 3821 1061 3885 iasomaias,
1078 3824 1172 3886 Reisig.
1185 3823 1266 3872 schol.

139 3893 271 3947 grammat.
284 3887 341 3936 Lat.
353 3902 378 3950 p.
393 3893 448 3939 lta.
468 3928 499 3937 ..
517 3887 592 3949 edent,
604 3891 648 3939 ad.
667 3887 747 3950 edant,
758 3884 810 3954 βγ.
828 3890 925 3942 Plinius
938 3893 1041 3942 videtur
1053 3889 1117 3939 edint
1127 3891 1265 3953 scripsisse.

141 3993 172 4001 ..
192 3949 293 4013 detrahi,
306 3967 330 4002 a.
348 3951 461 4016 debabit,
477 3949 556 4005 OTd.

174 4022 242 4082 §Sta
270 4019 400 4081 saltaverit,
417 4024 490 4073 codd.
502 4024 612 4072 Barbari.
640 4022 784 4085 hesitaverit,
797 4028 820 4076 d.
843 4025 1015 4086 aestimaverit,
1032 4042 1055 4075 a.
1079 4066 1109 4074 -
1136 4025 1266 4086 astavari,

141 4088 194 4136 Τὰ.
213 4084 333 4148 adiuvari,
348 4080 395 4138 da.
416 4130 446 4137 ..
465 4088 534 4149 iubet,
550 4082 647 4140 orac.
666 4092 755 4143 Omitt.
765 4089 822 4157 βγς
840 4109 863 4142 v.
876 4093 932 4144 Ost.
945 4094 1090 4144 deremet.
1105 4097 1161 4154 157,
1176 4097 1215 4145 la.
1235 4133 1265 4143 ..

140 4152 235 4216 debiles,
248 4172 271 4208 a.
290 4154 339 4203 iam
351 4152 446 4216 debiles,
459 4157 483 4205 d.

176 4224 244 4286 §sa
263 4220 376 4285 convenit,
389 4238 475 4287 onas.
496 4263 525 4272 ..
545 4221 592 4284 lis,
604 4226 647 4274 ad.
667 4265 698 4275 ..
718 4225 876 4289 tradetqad.
894 4222 1025 4288 detrahere,
1036 4221 1088 4291 βγ.

174 4287 190 4348 i
204 4294 244 4341 85.
268 4306 330 4352 savo,
343 4292 367 4342 d.
386 4331 417 4341 ..
441 4287 531 4340 crudae
547 4287 640 4355 capulis
656 4289 694 4341 vel
711 4300 800 4343 tantvm
817 4290 895 4356 tactis,
906 4309 926 4343 r.
1176 4297 1178 4300 ’
