2896 4792
425 277 495 325 ma.
512 278 586 326 xvr.
615 276 693 324 car.
709 278 756 324 rv.
774 278 808 324 v,
837 275 934 325 saer.
949 280 968 322 s.
982 280 1001 322 e.
1249 261 1268 326 5

151 441 242 517 patre
263 430 408 515 accipere
430 429 529 493 noluit
552 427 637 515 apud
661 427 821 494 Trebiam.
858 427 890 493 Ο
912 451 1017 494 mores
1044 439 1192 495 aeternos
1212 429 1268 515 qui

151 541 238 596 tanta
258 552 356 617 opera
375 529 496 594 honore
519 528 586 594 solo
608 529 796 594 donaverint
818 538 858 608 et,
882 551 955 595 cum
976 529 1117 615 reliquas
1135 552 1269 598 coronas

151 654 228 698 auro
254 630 517 706 emendarent,
550 628 684 695 salutem
711 629 789 695 civis
817 629 851 694 in
878 630 982 715 pretio
1012 653 1084 695 esse
1109 631 1271 698 noluerint

150 732 234 797 clare
248 732 386 818 professi
395 753 436 796 ne
452 729 573 797 servari
587 731 716 816 quidem
730 730 892 797 hominem
906 731 954 796 fas
970 754 1041 797 esse
1054 733 1136 798 lucri
1156 732 1269 801 eausal

191 834 234 899 V.
257 835 287 898 6.
322 832 466 898 Glandes
488 853 567 917 opes
589 841 664 897 sunt
678 853 764 896 nune
777 853 906 917 quoque
921 833 1093 898 multarum
1107 835 1269 921 gentium3
1284 851 1314 897 rs

150 935 247 1026 etiam
269 957 348 1020 pace
369 933 580 1021 gaudentium
602 942 764 1011 constant3
787 956 847 998 nec
869 955 933 999 non
955 944 988 998 et
1009 933 1118 1021 inopia
1139 934 1269 1022 frugum

150 1035 298 1100 arefactis
319 1034 449 1099 molitur
471 1034 574 1097 farina
596 1033 814 1119 spissaturque
835 1034 868 1099 in
884 1034 977 1119 panis
999 1057 1102 1099 usum.
1126 1034 1216 1117 Quin
1237 1045 1270 1101 et

149 1135 307 1219 hodieque
329 1158 387 1221 per
402 1134 580 1219 Hispanias
595 1134 744 1200 secundis
759 1135 879 1200 mensis
894 1137 986 1222 glans
1001 1136 1162 1202 inseritur.
1184 1135 1269 1202 Dul-

150 1236 217 1302 cior
245 1237 358 1301 eadem
384 1236 418 1300 in
440 1236 546 1300 cinere
569 1244 659 1298 tosta.
694 1233 835 1300 Cautum
858 1247 907 1301 est
933 1248 1100 1322 praeterea
1125 1238 1197 1326 lege
1220 1261 1269 1302 xrs

150 1337 331 1402 tabularum
358 1349 394 1401 ut
420 1334 572 1423 glandem
597 1336 632 1399 in
659 1335 796 1400 alienum
826 1335 961 1400 fundum
989 1337 1209 1422 procidentem
1228 1339 1268 1403 li-

150 1449 235 1504 ceret
263 1437 422 1525 colligere.
460 1437 590 1501 Genera
616 1458 728 1500 earum
754 1436 873 1514 multa3
902 1436 1022 1501 distant
1047 1438 1165 1514 fructu,
1195 1438 1270 1516 situ,
1281 1420 1316 1501 'ro

152 1564 243 1618 sexu,
273 1560 402 1623 sapore3
432 1558 571 1620 namque
594 1536 656 1600 alia
677 1538 789 1622 fageae
810 1536 921 1624 glandi
942 1537 1057 1625 figura,
1085 1537 1149 1601 alia
1173 1559 1269 1622 quer-

149 1664 210 1706 nae
233 1650 267 1706 et
288 1639 352 1705 alia
371 1638 500 1724 ilignae,
523 1648 620 1721 atque
642 1638 725 1702 inter
749 1661 782 1702 se
803 1659 930 1723 quoque
951 1661 1105 1725 generum
1127 1638 1269 1726 singulo·

149 1765 221 1807 rum
243 1740 452 1805 differentiae.
473 1738 647 1804 Praeterea
669 1749 742 1804 sunt
763 1739 888 1823 aliquae
904 1739 1080 1815 silvestres,
1103 1738 1184 1804 aliae
1199 1739 1269 1824 pla-

150 1842 297 1920 cidiores,
326 1862 409 1926 quae
435 1838 521 1905 culta
546 1839 703 1925 optinent.
738 1839 809 1904 Iam
834 1840 869 1904 in
897 1839 1076 1905 montuosis
1101 1840 1270 1927 planisque

149 1941 282 2021 distant,
307 1941 390 2007 sicut
412 1951 444 2005 et
466 1962 547 2005 sexu
568 1963 672 2004 mares
694 1962 731 2005 ac
753 1941 902 2020 feminae,
924 1941 1003 2006 item
1025 1964 1149 2028 sapore.
1185 1940 1269 2007 Dul-

149 2044 277 2108 cissima
298 2042 439 2107 omnium
461 2041 540 2127 fagi,
562 2051 599 2105 ut
620 2063 685 2125 qua
703 2041 853 2107 obsessos
868 2042 965 2108 etiam
978 2042 1122 2108 homines
1138 2041 1270 2106 durasse

148 2146 183 2210 in
204 2144 324 2231 oppido
347 2141 429 2208 Chio
453 2143 557 2207 tradat
591 2141 761 2209 Cornelius
784 2142 981 2209 Alexander.
1005 2141 1134 2209 Genera
1156 2142 1314 2207 distin-17

149 2268 249 2332 gnere
271 2267 334 2309 non
357 2245 452 2309 datur
473 2242 655 2308 nominibus
676 2266 759 2328 quae
782 2255 856 2309 sunt
870 2245 932 2309 alia
950 2244 1038 2324 alibi,
1060 2245 1182 2331 quippe
1197 2265 1269 2309 cum

148 2347 247 2412 robur
267 2366 483 2430 quercumque
505 2345 600 2432 volgo
622 2345 712 2411 nasci
727 2346 905 2425 videamus,
928 2347 1091 2411 aesculum
1112 2369 1175 2411 non
1196 2345 1269 2412 ubi·

149 2471 222 2537 que,
246 2458 394 2532 quartam
415 2469 492 2511 vero
521 2445 651 2533 generis
673 2446 922 2532 eiusdemquae
944 2471 1053 2512 cerrus
1075 2458 1209 2513 vocatur
1229 2469 1269 2512 ne

148 2548 261 2614 Italiae
289 2547 421 2632 quidem
449 2546 568 2610 maiore
596 2569 637 2610 ex
663 2557 754 2633 parte
783 2559 892 2612 notam
914 2571 996 2613 esse.
1029 2548 1269 2635 Distinguimus

150 2672 228 2736 ergo
253 2649 451 2736 proprietate
477 2657 654 2732 naturaque
681 2658 713 2714 et
739 2647 796 2714 ubi
822 2670 875 2713 res
898 2658 993 2735 coget
1014 2648 1110 2713 etiam
1133 2648 1269 2714 Graecis

149 2749 340 2816 nominibus.

149 2956 230 3006 tentia-
241 2958 338 3008 Tiberii
349 2974 401 3008 non
413 2959 552 3009 communis
564 2958 642 3008 luisse
653 2960 752 3009 videtur
762 2960 852 3024 populi
865 2961 981 3010 Romani.
1004 2960 1064 3023 Ipsa
1076 2973 1135 3008 vero
1147 2959 1271 3021 scriptura

149 3025 254 3086 vulgata
265 3041 311 3088 per
321 3041 349 3076 se
360 3035 472 3089 spectata
483 3027 561 3090 inepti
573 3027 670 3089 aliquid
682 3028 767 3077 habet.
790 3068 821 3076 -
848 3035 882 3089 at,
901 3020 973 3077 Oad.
1001 3034 1079 3091 utque,
1095 3021 1125 3086 β.
1149 3067 1180 3075 -
1203 3022 1270 3086 nulii,

149 3094 195 3142 ad.
212 3091 255 3154 nil,
266 3087 318 3156 βγ.
335 3134 366 3143 ..
386 3093 454 3153 does,
466 3096 512 3144 ad.
530 3134 561 3142 -
573 3093 675 3156 suerint,
688 3097 711 3144 d.

184 3162 252 3223 §lta
275 3157 357 3222 decus,
374 3163 419 3210 ad
443 3159 512 3210 deone
527 3157 593 3223 iae
616 3198 673 3211 ...
692 3161 773 3221 civem,
788 3153 882 3212 OTar.
905 3160 961 3220 cive,
975 3156 1047 3228 dssy.
1067 3203 1098 3210 -
1116 3157 1271 3222 Ledam.

148 3224 255 3289 Ludite.
273 3226 365 3290 Ludos,
376 3231 449 3279 codd.
461 3228 575 3289 Barbari,
611 3243 637 3292 γ.
656 3270 688 3278 -
705 3227 801 3289 ineunti,
813 3230 886 3279 codd.
898 3231 1012 3280 Barbari.
1033 3228 1176 3289 rineventie,
1189 3245 1212 3278 a.
1235 3227 1271 3276 in·

150 3295 254 3354 novanti,
267 3299 290 3345 d.
312 3335 338 3344 -
366 3295 506 3356 Vocatio,a.

184 3364 199 3426 ξ
213 3369 251 3413 14.
271 3361 384 3423 Sicinius,
395 3365 501 3413 Barbar.
513 3379 532 3413 r.
552 3404 582 3412 ..
600 3362 721 3412 reatinus
734 3365 759 3424 7,
771 3370 828 3415 101.
846 3405 877 3413 -
900 3363 1018 3422 limiam,
1030 3380 1053 3413 a.
1067 3405 1097 3413 -
1117 3362 1271 3421 donaverant,

150 3430 200 3480 Tr.
223 3471 254 3479 ..
278 3430 343 3491 civis,
355 3447 375 3479 r.
401 3429 521 3494 qumad.
545 3471 576 3480 ..
600 3431 691 3492 in,ad.
717 3430 748 3479 iis
759 3431 791 3490 in,
803 3448 823 3480 r.
848 3473 878 3481 -
903 3430 975 3492 clare,
989 3426 1178 3491 H'l'ad(codd.
1191 3431 1272 3480 Turn.

149 3501 207 3547 adv.
220 3504 243 3558 4,
258 3496 311 3557 16.)
329 3495 405 3558 clara,
416 3493 446 3560 β.
459 3539 490 3548 ,.
505 3497 610 3561 professi
620 3514 657 3558 ne,
669 3491 719 3548 θΤ
732 3495 817 3560 (codd.
828 3497 921 3561 Turn)
935 3499 1088 3562 pefferaioae,
1097 3494 1167 3560 adst.
1180 3497 1272 3560 ..faa

154 3557 247 3615 OTad
258 3563 344 3626 (cedd.
357 3564 450 3628 Tum.)
468 3567 545 3629 nefas,
556 3561 586 3626 β.

184 3631 199 3692 ξ
215 3639 254 3682 15.
275 3632 393 3692 Grandes,
405 3635 450 3682 ad.
463 3675 495 3683 -
508 3641 569 3694 sant,
581 3649 603 3682 a.
622 3627 739 3697 essefir.
758 3634 849 3685 Omd.
864 3675 894 3684 ..
913 3650 974 3682 nunc
985 3651 1083 3697 quoque,
1096 3637 1120 3683 d.
1138 3646 1236 3694 qaoque,
1248 3647 1272 3680 a.

151 3700 209 3750 Om.
221 3718 241 3750 r.
261 3741 292 3749 -
310 3708 424 3761 constent,
436 3701 480 3751 ad.
498 3708 597 3759 constat,
608 3696 630 3761 β
634 3714 659 3764 r.
678 3743 710 3751 ..
732 3700 809 3752 Glans
821 3710 843 3751 et
854 3718 915 3750 nunc
927 3701 952 3749 in
964 3700 1045 3765 inopia
1048 3701 1150 3764 fraqam
1162 3698 1273 3761 arefacta

151 3765 246 3817 nwlitur
256 3767 407 3830 iasar-inam,
419 3769 507 3818 Dalec.
531 3809 563 3818 ..
586 3766 662 3829 lodie,
673 3769 763 3819 Dalec.
787 3811 819 3820 ..
842 3769 951 3833 insertur,
968 3785 1111 3832 anonymus
1123 3781 1163 3828 ap.
1177 3765 1273 3817 Osann.

151 3834 179 3883 in
191 3833 374 3885 Schneidewin.
386 3837 476 3898 philol.
488 3834 551 3885 VII.
564 3852 588 3899 p.
602 3841 669 3896 ³97,
685 3839 730 3900 qni
742 3841 911 3888 commendat.
1124 3885 1126 3891 .

186 3903 253 3964 §le
280 3901 377 3963 destant,
394 3920 417 3953 r.
430 3903 561 3966 Theophr.
577 3904 637 3953 hist.
655 3905 735 3967 plant.
748 3902 796 3954 ΠΙ.
810 3911 834 3966 8,
849 3911 870 3953 1.
893 3946 924 3955 ..
953 3903 978 3954 in
993 3903 1088 3965 aliae.
1114 3941 1137 3949 -
1170 3917 1273 3964 quernae

152 3970 247 4020 omisso
259 3968 320 4027 alia,
333 3971 378 4019 ad.
399 4011 429 4019 -
448 3968 558 4034 ilipaeae,
570 3988 593 4020 a.
612 4011 644 4021 ...
663 3971 757 4034 optinet,
769 3974 813 4023 ad.
832 4013 863 4021 ..
882 3971 945 4033 Iam,
957 3976 1001 4022 ad.
1019 3970 1072 4020 Iam
1085 3969 1164 4031 etiem,
1176 3965 1227 4036 βγ.
1241 4011 1273 4022 -

151 4037 285 4100 mentumis,
302 4029 373 4087 (lad.
392 4037 510 4098 montosis,
521 4033 550 4099 β.
904 4066 907 4071 ›

185 4103 254 4164 §m
272 4103 374 4168 penora,
386 4106 446 4154 ald.
462 4104 645 4170 generationem
658 4109 694 4156 a'.
707 4148 737 4157 ,
757 4122 847 4165 carrus,
858 4109 883 4156 d.
903 4145 933 4154 ..
952 4111 1016 4165 nete,
1028 4105 1074 4153 ad.
1088 4145 1119 4154 ..
1137 4104 1274 4171 Distingui·

151 4187 209 4233 mua,
222 4174 268 4222 ad.
286 4168 535 4237 Distinpoemaqfir.
555 4213 585 4221 -
603 4172 674 4236 cepit,
686 4177 710 4223 d.
731 4215 760 4223 ..
784 4171 921 4231 nominibus,
933 4173 970 4221 ad
983 4169 1069 4234 (codd.
1082 4171 1153 4235 Gel.)
1176 4173 1273 4222 amami-
1354 4208 1356 4214 .

153 4238 195 4288 bas
205 4237 326 4302 utendam,
337 4256 358 4290 r.
376 4254 437 4288 noro.
447 4237 541 4300 utendo,
554 4241 642 4290 Dalec.
