<?xml version="1.0" encoding="UTF-8"?>
<!DOCTYPE html PUBLIC "-//W3C//DTD XHTML 1.0 Transitional//EN"
    "http://www.w3.org/TR/xhtml1/DTD/xhtml1-transitional.dtd">
<html xmlns="http://www.w3.org/1999/xhtml" xml:lang="en" lang="en">
 <head>
  <title>
</title>
<meta http-equiv="Content-Type" content="text/html;charset=utf-8" />
  <meta name='ocr-system' content='tesseract 3.04.00' />
  <meta name='ocr-capabilities' content='ocr_page ocr_carea ocr_par ocr_line ocrx_word'/>
</head>
<body>
  <div class='ocr_page' id='page_1' title='image "./cplinisecundina11plingoog_0257.png"; bbox 0 0 2896 4792; ppageno 0'>
   <div class='ocr_carea' id='block_1_1' title="bbox 188 285 959 354">
    <p class='ocr_par' dir='ltr' id='par_1_1' title="bbox 188 285 959 354">
     <span class='ocr_line' id='line_1_1' title="bbox 188 285 959 354; baseline -0.01 -1"><span class='ocrx_word' id='word_1_1' title='bbox 188 285 250 354; x_wconf 76' lang='lat'>250</span> <span class='ocrx_word' id='word_1_2' title='bbox 537 299 742 349; x_wconf 66' lang='lat' dir='ltr'>ursmarus</span> <span class='ocrx_word' id='word_1_3' title='bbox 764 298 959 349; x_wconf 77' lang='lat' dir='ltr'>mesonma</span> 
     </span>
    </p>
   </div>
   <div class='ocr_carea' id='block_1_2' title="bbox 111 449 1353 2356">
    <p class='ocr_par' dir='ltr' id='par_1_2' title="bbox 111 449 1353 2356">
     <span class='ocr_line' id='line_1_2' title="bbox 187 449 1306 537; baseline -0.002 -19"><span class='ocrx_word' id='word_1_4' title='bbox 187 450 272 518; x_wconf 90' lang='lat' dir='ltr'>enim</span> <span class='ocrx_word' id='word_1_5' title='bbox 293 462 377 518; x_wconf 82' lang='lat' dir='ltr'>certe</span> <span class='ocrx_word' id='word_1_6' title='bbox 400 449 550 534; x_wconf 77' lang='lat' dir='ltr'>aequabit</span> <span class='ocrx_word' id='word_1_7' title='bbox 571 472 653 534; x_wconf 91' lang='lat' dir='ltr'>quos</span> <span class='ocrx_word' id='word_1_8' title='bbox 672 451 810 535; x_wconf 88' lang='lat' dir='ltr'>pecunia</span> <span class='ocrx_word' id='word_1_9' title='bbox 832 450 1037 537; x_wconf 75' lang='lat' dir='ltr'><strong>separaverit.</strong></span> <span class='ocrx_word' id='word_1_10' title='bbox 1072 449 1196 535; x_wconf 84' lang='lat' dir='ltr'>Itaque,</span> <span class='ocrx_word' id='word_1_11' title='bbox 1220 452 1306 518; x_wconf 88' lang='lat' dir='ltr'>Her-</span> 
     </span>
     <span class='ocr_line' id='line_1_3' title="bbox 186 550 1308 639; baseline -0.002 -18"><span class='ocrx_word' id='word_1_12' title='bbox 186 553 289 631; x_wconf 87' lang='lat' dir='ltr'>cules,</span> <span class='ocrx_word' id='word_1_13' title='bbox 324 552 447 619; x_wconf 90' lang='lat' dir='ltr'>nullum</span> <span class='ocrx_word' id='word_1_14' title='bbox 474 550 599 621; x_wconf 78' lang='lat' dir='ltr'>macelli</span> <span class='ocrx_word' id='word_1_15' title='bbox 633 551 770 639; x_wconf 84' lang='lat' dir='ltr'>vectigal</span> <span class='ocrx_word' id='word_1_16' title='bbox 796 551 901 619; x_wconf 89' lang='lat' dir='ltr'>maius</span> <span class='ocrx_word' id='word_1_17' title='bbox 932 551 991 618; x_wconf 86' lang='lat' dir='ltr'>fuit</span> <span class='ocrx_word' id='word_1_18' title='bbox 1018 550 1139 617; x_wconf 90' lang='lat' dir='ltr'>Romae</span> <span class='ocrx_word' id='word_1_19' title='bbox 1171 552 1308 619; x_wconf 85' lang='lat' dir='ltr'>elamore</span> 
     </span>
     <span class='ocr_line' id='line_1_4' title="bbox 111 650 1309 739; baseline -0.001 -20"><span class='ocrx_word' id='word_1_20' title='bbox 111 676 122 689; x_wconf 78' lang='grc'><strong>’</strong></span> <span class='ocrx_word' id='word_1_21' title='bbox 184 650 488 739; x_wconf 81' lang='lat' dir='ltr'>plebis-incusantis</span> <span class='ocrx_word' id='word_1_22' title='bbox 509 651 597 739; x_wconf 89' lang='lat' dir='ltr'>apud</span> <span class='ocrx_word' id='word_1_23' title='bbox 617 653 721 720; x_wconf 91' lang='lat' dir='ltr'>omnis</span> <span class='ocrx_word' id='word_1_24' title='bbox 741 653 920 739; x_wconf 79' lang='lat' dir='ltr'>principes,</span> <span class='ocrx_word' id='word_1_25' title='bbox 944 653 1046 721; x_wconf 87' lang='lat' dir='ltr'>donec</span> <span class='ocrx_word' id='word_1_26' title='bbox 1068 653 1236 718; x_wconf 87' lang='lat' dir='ltr'>remissum</span> <span class='ocrx_word' id='word_1_27' title='bbox 1259 666 1309 720; x_wconf 90' lang='lat' dir='ltr'>est</span> 
     </span>
     <span class='ocr_line' id='line_1_5' title="bbox 167 753 1308 840; baseline 0.004 -23"><span class='ocrx_word' id='word_1_28' title='bbox 167 762 176 774; x_wconf 77' lang='grc'><em>“</em></span> <span class='ocrx_word' id='word_1_29' title='bbox 184 753 362 840; x_wconf 89' lang='lat' dir='ltr'>portorium</span> <span class='ocrx_word' id='word_1_30' title='bbox 383 753 501 823; x_wconf 87' lang='lat' dir='ltr'>mercis</span> <span class='ocrx_word' id='word_1_31' title='bbox 520 753 616 821; x_wconf 89' lang='lat' dir='ltr'>huius</span> <span class='ocrx_word' id='word_1_32' title='bbox 630 765 883 840; x_wconf 85' lang='lat' dir='ltr'>conpertumque</span> <span class='ocrx_word' id='word_1_33' title='bbox 898 776 962 819; x_wconf 93' lang='lat' dir='ltr'>non</span> <span class='ocrx_word' id='word_1_34' title='bbox 976 753 1068 819; x_wconf 88' lang='lat' dir='ltr'>aliter</span> <span class='ocrx_word' id='word_1_35' title='bbox 1082 755 1308 838; x_wconf 72' lang='lat' dir='ltr'>quaestuosius</span> 
     </span>
     <span class='ocr_line' id='line_1_6' title="bbox 185 854 1308 933; baseline 0.001 -12"><span class='ocrx_word' id='word_1_36' title='bbox 185 877 318 925; x_wconf 81' lang='lat' dir='ltr'>aeneum</span> <span class='ocrx_word' id='word_1_37' title='bbox 335 854 446 923; x_wconf 90' lang='lat' dir='ltr'>haberi</span> <span class='ocrx_word' id='word_1_38' title='bbox 467 867 525 921; x_wconf 90' lang='lat' dir='ltr'>aut</span> <span class='ocrx_word' id='word_1_39' title='bbox 544 855 643 923; x_wconf 88' lang='lat' dir='ltr'>tutius</span> <span class='ocrx_word' id='word_1_40' title='bbox 665 877 704 923; x_wconf 85' lang='lat' dir='ltr'>ac</span> <span class='ocrx_word' id='word_1_41' title='bbox 724 855 847 923; x_wconf 88' lang='lat' dir='ltr'>minore</span> <span class='ocrx_word' id='word_1_42' title='bbox 870 856 1017 923; x_wconf 82' lang='lat' dir='ltr'>fortunae</span> <span class='ocrx_word' id='word_1_43' title='bbox 1037 855 1118 933; x_wconf 88' lang='lat' dir='ltr'>iure,</span> <span class='ocrx_word' id='word_1_44' title='bbox 1142 879 1215 921; x_wconf 90' lang='lat' dir='ltr'>oum</span> <span class='ocrx_word' id='word_1_45' title='bbox 1237 879 1308 922; x_wconf 86' lang='lat' dir='ltr'>ore-</span> 
     </span>
     <span class='ocr_line' id='line_1_7' title="bbox 185 956 1307 1043; baseline -0.001 -20"><span class='ocrx_word' id='word_1_46' title='bbox 185 956 280 1023; x_wconf 90' lang='lat' dir='ltr'>datur</span> <span class='ocrx_word' id='word_1_47' title='bbox 301 956 415 1042; x_wconf 83' lang='lat' dir='ltr'>pensio</span> <span class='ocrx_word' id='word_1_48' title='bbox 437 979 476 1025; x_wconf 89' lang='lat' dir='ltr'>ea</span> <span class='ocrx_word' id='word_1_49' title='bbox 496 978 690 1043; x_wconf 71' lang='lat' dir='ltr'>pauperum</span> <span class='ocrx_word' id='word_1_50' title='bbox 712 957 741 1022; x_wconf 92' lang='lat' dir='ltr'>is</span> <span class='ocrx_word' id='word_1_51' title='bbox 763 956 797 1023; x_wconf 91' lang='lat' dir='ltr'>iu</span> <span class='ocrx_word' id='word_1_52' title='bbox 820 959 888 1023; x_wconf 87' lang='lat' dir='ltr'>solo</span> <span class='ocrx_word' id='word_1_53' title='bbox 910 979 1046 1042; x_wconf 88' lang='lat' dir='ltr'>sponsor</span> <span class='ocrx_word' id='word_1_54' title='bbox 1066 967 1115 1020; x_wconf 90' lang='lat' dir='ltr'>est</span> <span class='ocrx_word' id='word_1_55' title='bbox 1132 970 1164 1020; x_wconf 89' lang='lat' dir='ltr'>et</span> <span class='ocrx_word' id='word_1_56' title='bbox 1179 958 1240 1022; x_wconf 88' lang='lat' dir='ltr'>sub</span> <span class='ocrx_word' id='word_1_57' title='bbox 1255 959 1307 1023; x_wconf 91' lang='lat' dir='ltr'>dio</span> 
     </span>
     <span class='ocr_line' id='line_1_8' title="bbox 184 1056 1353 1144; baseline -0.003 -17"><span class='ocrx_word' id='word_1_58' title='bbox 184 1057 308 1127; x_wconf 83' lang='lat' dir='ltr'>reditus</span> <span class='ocrx_word' id='word_1_59' title='bbox 335 1057 581 1144; x_wconf 85' lang='lat' dir='ltr'>superficiesque</span> <span class='ocrx_word' id='word_1_60' title='bbox 607 1058 695 1123; x_wconf 85' lang='lat' dir='ltr'>eaelo</span> <span class='ocrx_word' id='word_1_61' title='bbox 718 1079 920 1142; x_wconf 90' lang='lat' dir='ltr'>quocumque</span> <span class='ocrx_word' id='word_1_62' title='bbox 942 1056 1097 1144; x_wconf 80' lang='lat' dir='ltr'>gaudmm.</span> <span class='ocrx_word' id='word_1_63' title='bbox 1130 1057 1307 1124; x_wconf 84' lang='lat' dir='ltr'>Hortorum</span> <span class='ocrx_word' id='word_1_64' title='bbox 1323 1078 1353 1124; x_wconf 81' lang='grc' dir='ltr'><strong>ει</strong></span> 
     </span>
     <span class='ocr_line' id='line_1_9' title="bbox 186 1155 1309 1247; baseline 0 -24"><span class='ocrx_word' id='word_1_65' title='bbox 186 1155 270 1229; x_wconf 74' lang='lat' dir='ltr'>(late</span> <span class='ocrx_word' id='word_1_66' title='bbox 302 1158 465 1244; x_wconf 88' lang='lat' dir='ltr'>praedicat</span> <span class='ocrx_word' id='word_1_67' title='bbox 492 1158 609 1234; x_wconf 76' lang='lat' dir='ltr'>caulist</span> <span class='ocrx_word' id='word_1_68' title='bbox 642 1157 718 1225; x_wconf 90' lang='lat' dir='ltr'>hinc</span> <span class='ocrx_word' id='word_1_69' title='bbox 739 1158 879 1247; x_wconf 90' lang='lat' dir='ltr'>primum</span> <span class='ocrx_word' id='word_1_70' title='bbox 906 1159 1064 1247; x_wconf 83' lang='lat' dir='ltr'>agricolae</span> <span class='ocrx_word' id='word_1_71' title='bbox 1086 1159 1309 1225; x_wconf 86' lang='lat' dir='ltr'>aestumabunt</span> 
     </span>
     <span class='ocr_line' id='line_1_10' title="bbox 185 1257 1308 1346; baseline 0 -21"><span class='ocrx_word' id='word_1_72' title='bbox 185 1257 283 1346; x_wconf 79' lang='lat' dir='ltr'>prisci</span> <span class='ocrx_word' id='word_1_73' title='bbox 305 1270 338 1325; x_wconf 91' lang='lat' dir='ltr'>et</span> <span class='ocrx_word' id='word_1_74' title='bbox 358 1258 404 1329; x_wconf 86' lang='lat' dir='ltr'>sio</span> <span class='ocrx_word' id='word_1_75' title='bbox 425 1258 532 1329; x_wconf 87' lang='lat' dir='ltr'>statim</span> <span class='ocrx_word' id='word_1_76' title='bbox 553 1259 715 1327; x_wconf 82' lang='lat' dir='ltr'>faciebant</span> <span class='ocrx_word' id='word_1_77' title='bbox 735 1260 891 1327; x_wconf 89' lang='lat' dir='ltr'>iudicium</span> <span class='ocrx_word' id='word_1_78' title='bbox 912 1281 1050 1344; x_wconf 81' lang='lat' dir='ltr'>nequam</span> <span class='ocrx_word' id='word_1_79' title='bbox 1069 1282 1139 1325; x_wconf 90' lang='lat' dir='ltr'>esse</span> <span class='ocrx_word' id='word_1_80' title='bbox 1160 1262 1194 1329; x_wconf 88' lang='lat' dir='ltr'>in</span> <span class='ocrx_word' id='word_1_81' title='bbox 1215 1262 1308 1325; x_wconf 89' lang='lat' dir='ltr'>domo</span> 
     </span>
     <span class='ocr_line' id='line_1_11' title="bbox 184 1359 1305 1441; baseline -0.002 -14"><span class='ocrx_word' id='word_1_82' title='bbox 184 1370 320 1427; x_wconf 87' lang='lat' dir='ltr'>matrem</span> <span class='ocrx_word' id='word_1_83' title='bbox 340 1359 487 1439; x_wconf 82' lang='lat' dir='ltr'>familias,</span> <span class='ocrx_word' id='word_1_84' title='bbox 510 1414 551 1428; x_wconf 86' lang='lat'>...</span> <span class='ocrx_word' id='word_1_85' title='bbox 575 1360 694 1428; x_wconf 85' lang='lat' dir='ltr'>etenim</span> <span class='ocrx_word' id='word_1_86' title='bbox 714 1361 794 1428; x_wconf 88' lang='lat' dir='ltr'>haee</span> <span class='ocrx_word' id='word_1_87' title='bbox 816 1383 892 1427; x_wconf 91' lang='lat' dir='ltr'>cura</span> <span class='ocrx_word' id='word_1_88' title='bbox 912 1360 1048 1427; x_wconf 88' lang='lat' dir='ltr'>feminae</span> <span class='ocrx_word' id='word_1_89' title='bbox 1073 1361 1250 1441; x_wconf 89' lang='lat' dir='ltr'>dicebatur,</span> <span class='ocrx_word' id='word_1_90' title='bbox 1266 1417 1305 1425; x_wconf 83' lang='grc'>-</span> 
     </span>
     <span class='ocr_line' id='line_1_12' title="bbox 184 1459 1338 1548; baseline -0.004 -23"><span class='ocrx_word' id='word_1_91' title='bbox 184 1459 241 1527; x_wconf 93' lang='lat' dir='ltr'>ubi</span> <span class='ocrx_word' id='word_1_92' title='bbox 261 1459 434 1548; x_wconf 86' lang='lat' dir='ltr'>indiligens</span> <span class='ocrx_word' id='word_1_93' title='bbox 457 1472 544 1530; x_wconf 86' lang='lat' dir='ltr'>esset</span> <span class='ocrx_word' id='word_1_94' title='bbox 564 1461 693 1539; x_wconf 67' lang='lat' dir='ltr'>bortum</span> <span class='ocrx_word' id='word_1_95' title='bbox 727 1462 848 1548; x_wconf 90' lang='lat' dir='ltr'>quippe</span> <span class='ocrx_word' id='word_1_96' title='bbox 875 1484 894 1527; x_wconf 90' lang='lat' dir='ltr'>s</span> <span class='ocrx_word' id='word_1_97' title='bbox 921 1461 1067 1528; x_wconf 88' lang='lat' dir='ltr'>carnario</span> <span class='ocrx_word' id='word_1_98' title='bbox 1094 1471 1151 1527; x_wconf 91' lang='lat' dir='ltr'>aut</span> <span class='ocrx_word' id='word_1_99' title='bbox 1176 1463 1307 1527; x_wconf 88' lang='lat' dir='ltr'>macello</span> <span class='ocrx_word' id='word_1_100' title='bbox 1336 1516 1338 1520; x_wconf 85' lang='lat'>.</span> 
     </span>
     <span class='ocr_line' id='line_1_13' title="bbox 184 1561 1305 1649; baseline -0.004 -18"><span class='ocrx_word' id='word_1_101' title='bbox 184 1561 358 1634; x_wconf 79' lang='lat' dir='ltr'>vivendum</span> <span class='ocrx_word' id='word_1_102' title='bbox 379 1563 420 1633; x_wconf 84' lang='lat' dir='ltr'>ei.</span> <span class='ocrx_word' id='word_1_103' title='bbox 451 1562 519 1629; x_wconf 87' lang='lat' dir='ltr'>Nec</span> <span class='ocrx_word' id='word_1_104' title='bbox 547 1564 648 1633; x_wconf 88' lang='lat' dir='ltr'>caulis</span> <span class='ocrx_word' id='word_1_105' title='bbox 669 1575 706 1629; x_wconf 94' lang='lat' dir='ltr'>ut</span> <span class='ocrx_word' id='word_1_106' title='bbox 726 1586 813 1630; x_wconf 91' lang='lat' dir='ltr'>nuno</span> <span class='ocrx_word' id='word_1_107' title='bbox 840 1584 989 1629; x_wconf 88' lang='lat' dir='ltr'>maxume</span> <span class='ocrx_word' id='word_1_108' title='bbox 1017 1563 1213 1649; x_wconf 87' lang='lat' dir='ltr'>probabant,</span> <span class='ocrx_word' id='word_1_109' title='bbox 1249 1562 1305 1627; x_wconf 90' lang='lat' dir='ltr'>da·</span> 
     </span>
     <span class='ocr_line' id='line_1_14' title="bbox 183 1663 1307 1753; baseline -0.003 -25"><span class='ocrx_word' id='word_1_110' title='bbox 183 1675 329 1729; x_wconf 87' lang='lat' dir='ltr'>mnantes</span> <span class='ocrx_word' id='word_1_111' title='bbox 350 1664 562 1750; x_wconf 88' lang='lat' dir='ltr'>pulmentaria</span> <span class='ocrx_word' id='word_1_112' title='bbox 584 1686 666 1748; x_wconf 88' lang='lat' dir='ltr'>quae</span> <span class='ocrx_word' id='word_1_113' title='bbox 689 1676 820 1753; x_wconf 80' lang='lat' dir='ltr'>egerent</span> <span class='ocrx_word' id='word_1_114' title='bbox 842 1665 903 1730; x_wconf 91' lang='lat' dir='ltr'>alio</span> <span class='ocrx_word' id='word_1_115' title='bbox 925 1664 1152 1750; x_wconf 85' lang='lat' dir='ltr'>pulmentari03</span> <span class='ocrx_word' id='word_1_116' title='bbox 1183 1663 1217 1725; x_wconf 91' lang='lat' dir='ltr'>id</span> <span class='ocrx_word' id='word_1_117' title='bbox 1239 1674 1307 1726; x_wconf 87' lang='lat' dir='ltr'>erat</span> 
     </span>
     <span class='ocr_line' id='line_1_15' title="bbox 184 1763 1307 1851; baseline -0.002 -22"><span class='ocrx_word' id='word_1_118' title='bbox 184 1765 255 1830; x_wconf 90' lang='lat' dir='ltr'>oleo</span> <span class='ocrx_word' id='word_1_119' title='bbox 275 1787 424 1851; x_wconf 84' lang='lat' dir='ltr'>parcere3</span> <span class='ocrx_word' id='word_1_120' title='bbox 453 1788 528 1830; x_wconf 92' lang='lat' dir='ltr'>nam</span> <span class='ocrx_word' id='word_1_121' title='bbox 556 1765 681 1831; x_wconf 89' lang='lat' dir='ltr'>carnari</span> <span class='ocrx_word' id='word_1_122' title='bbox 706 1765 869 1831; x_wconf 87' lang='lat' dir='ltr'>desideria</span> <span class='ocrx_word' id='word_1_123' title='bbox 889 1765 984 1831; x_wconf 88' lang='lat' dir='ltr'>etiam</span> <span class='ocrx_word' id='word_1_124' title='bbox 1005 1766 1039 1829; x_wconf 90' lang='lat' dir='ltr'>in</span> <span class='ocrx_word' id='word_1_125' title='bbox 1061 1763 1307 1851; x_wconf 84' lang='lat' dir='ltr'>exprobratione</span> 
     </span>
     <span class='ocr_line' id='line_1_16' title="bbox 185 1864 1353 1954; baseline -0.004 -21"><span class='ocrx_word' id='word_1_126' title='bbox 185 1875 285 1933; x_wconf 84' lang='lat' dir='ltr'>erant.</span> <span class='ocrx_word' id='word_1_127' title='bbox 309 1864 407 1932; x_wconf 89' lang='lat' dir='ltr'>Horti</span> <span class='ocrx_word' id='word_1_128' title='bbox 428 1888 579 1931; x_wconf 89' lang='lat' dir='ltr'>maxume</span> <span class='ocrx_word' id='word_1_129' title='bbox 601 1865 784 1953; x_wconf 87' lang='lat' dir='ltr'>placebant,</span> <span class='ocrx_word' id='word_1_130' title='bbox 806 1866 883 1951; x_wconf 92' lang='lat' dir='ltr'>quia</span> <span class='ocrx_word' id='word_1_131' title='bbox 903 1889 966 1931; x_wconf 91' lang='lat' dir='ltr'>non</span> <span class='ocrx_word' id='word_1_132' title='bbox 989 1876 1122 1954; x_wconf 87' lang='lat' dir='ltr'>egerent</span> <span class='ocrx_word' id='word_1_133' title='bbox 1142 1865 1210 1951; x_wconf 82' lang='lat' dir='ltr'>igni</span> <span class='ocrx_word' id='word_1_134' title='bbox 1231 1887 1307 1950; x_wconf 89' lang='lat' dir='ltr'>par·</span> <span class='ocrx_word' id='word_1_135' title='bbox 1322 1886 1353 1929; x_wconf 81' lang='lat' dir='ltr'>ts</span> 
     </span>
     <span class='ocr_line' id='line_1_17' title="bbox 185 1966 1306 2055; baseline -0.003 -22"><span class='ocrx_word' id='word_1_136' title='bbox 185 1976 357 2051; x_wconf 82' lang='lat' dir='ltr'>carentque</span> <span class='ocrx_word' id='word_1_137' title='bbox 378 1966 476 2054; x_wconf 85' lang='lat' dir='ltr'>ligno,</span> <span class='ocrx_word' id='word_1_138' title='bbox 499 1967 650 2052; x_wconf 88' lang='lat' dir='ltr'>expedita</span> <span class='ocrx_word' id='word_1_139' title='bbox 670 1990 722 2032; x_wconf 90' lang='lat' dir='ltr'>res</span> <span class='ocrx_word' id='word_1_140' title='bbox 744 1978 777 2033; x_wconf 94' lang='lat' dir='ltr'>et</span> <span class='ocrx_word' id='word_1_141' title='bbox 795 1979 907 2055; x_wconf 86' lang='lat' dir='ltr'>parata</span> <span class='ocrx_word' id='word_1_142' title='bbox 928 1990 1064 2053; x_wconf 87' lang='lat' dir='ltr'>semper,</span> <span class='ocrx_word' id='word_1_143' title='bbox 1087 1967 1172 2031; x_wconf 90' lang='lat' dir='ltr'>unde</span> <span class='ocrx_word' id='word_1_144' title='bbox 1188 1977 1220 2030; x_wconf 93' lang='lat' dir='ltr'>et</span> <span class='ocrx_word' id='word_1_145' title='bbox 1234 1988 1306 2030; x_wconf 87' lang='lat' dir='ltr'>ace-</span> 
     </span>
     <span class='ocr_line' id='line_1_18' title="bbox 185 2066 1307 2154; baseline -0.004 -19"><span class='ocrx_word' id='word_1_146' title='bbox 185 2066 266 2135; x_wconf 82' lang='lat' dir='ltr'>taria</span> <span class='ocrx_word' id='word_1_147' title='bbox 287 2067 498 2154; x_wconf 90' lang='lat' dir='ltr'>appellantur,</span> <span class='ocrx_word' id='word_1_148' title='bbox 522 2068 630 2137; x_wconf 85' lang='lat' dir='ltr'>facilia</span> <span class='ocrx_word' id='word_1_149' title='bbox 652 2068 806 2153; x_wconf 86' lang='lat' dir='ltr'>concoqui</span> <span class='ocrx_word' id='word_1_150' title='bbox 828 2091 887 2135; x_wconf 90' lang='lat' dir='ltr'>nec</span> <span class='ocrx_word' id='word_1_151' title='bbox 905 2080 1078 2134; x_wconf 88' lang='lat' dir='ltr'>oneratura</span> <span class='ocrx_word' id='word_1_152' title='bbox 1092 2089 1221 2134; x_wconf 90' lang='lat' dir='ltr'>sensum</span> <span class='ocrx_word' id='word_1_153' title='bbox 1236 2067 1307 2132; x_wconf 91' lang='lat' dir='ltr'>cibo</span> 
     </span>
     <span class='ocr_line' id='line_1_19' title="bbox 185 2168 1308 2255; baseline -0.004 -22"><span class='ocrx_word' id='word_1_154' title='bbox 185 2180 320 2255; x_wconf 86' lang='lat' dir='ltr'>atquae</span> <span class='ocrx_word' id='word_1_155' title='bbox 341 2170 481 2235; x_wconf 91' lang='lat' dir='ltr'>minume</span> <span class='ocrx_word' id='word_1_156' title='bbox 503 2170 714 2236; x_wconf 88' lang='lat' dir='ltr'>accenderent</span> <span class='ocrx_word' id='word_1_157' title='bbox 736 2168 930 2236; x_wconf 88' lang='lat' dir='ltr'>desiderium</span> <span class='ocrx_word' id='word_1_158' title='bbox 950 2168 1054 2255; x_wconf 88' lang='lat' dir='ltr'>panis.</span> <span class='ocrx_word' id='word_1_159' title='bbox 1086 2168 1169 2234; x_wconf 89' lang='lat' dir='ltr'>Pars</span> <span class='ocrx_word' id='word_1_160' title='bbox 1197 2188 1308 2233; x_wconf 87' lang='lat' dir='ltr'>eornm</span> 
     </span>
     <span class='ocr_line' id='line_1_20' title="bbox 184 2268 1307 2356; baseline -0.003 -21"><span class='ocrx_word' id='word_1_161' title='bbox 184 2269 227 2335; x_wconf 89' lang='lat' dir='ltr'>ad</span> <span class='ocrx_word' id='word_1_162' title='bbox 249 2270 450 2339; x_wconf 90' lang='lat' dir='ltr'>condimenta</span> <span class='ocrx_word' id='word_1_163' title='bbox 470 2272 637 2356; x_wconf 87' lang='lat' dir='ltr'>pertinens</span> <span class='ocrx_word' id='word_1_164' title='bbox 659 2271 781 2339; x_wconf 85' lang='lat' dir='ltr'>latetur</span> <span class='ocrx_word' id='word_1_165' title='bbox 801 2270 888 2337; x_wconf 91' lang='lat' dir='ltr'>domi</span> <span class='ocrx_word' id='word_1_166' title='bbox 909 2292 1071 2337; x_wconf 87' lang='lat' dir='ltr'>versuram</span> <span class='ocrx_word' id='word_1_167' title='bbox 1091 2269 1161 2336; x_wconf 91' lang='lat' dir='ltr'>fieri</span> <span class='ocrx_word' id='word_1_168' title='bbox 1183 2268 1307 2335; x_wconf 90' lang='lat' dir='ltr'>solitam</span> 
     </span>
    </p>
   </div>
   <div class='ocr_carea' id='block_1_3' title="bbox 180 2477 1400 4098">
    <p class='ocr_par' dir='ltr' id='par_1_3' title="bbox 180 2477 1400 4098">
     <span class='ocr_line' id='line_1_21' title="bbox 184 2477 1306 2546; baseline -0.002 -18"><span class='ocrx_word' id='word_1_169' title='bbox 184 2493 257 2544; x_wconf 88' lang='lat' dir='ltr'>peres</span> <span class='ocrx_word' id='word_1_170' title='bbox 268 2488 335 2529; x_wconf 88' lang='lat' dir='ltr'>certe</span> <span class='ocrx_word' id='word_1_171' title='bbox 347 2495 468 2544; x_wconf 90' lang='lat' dir='ltr'>pensuros</span> <span class='ocrx_word' id='word_1_172' title='bbox 477 2482 581 2546; x_wconf 87' lang='lat' dir='ltr'>eiusque</span> <span class='ocrx_word' id='word_1_173' title='bbox 590 2482 737 2545; x_wconf 87' lang='lat' dir='ltr'>pensionem</span> <span class='ocrx_word' id='word_1_174' title='bbox 748 2497 799 2531; x_wconf 93' lang='lat' dir='ltr'>non</span> <span class='ocrx_word' id='word_1_175' title='bbox 808 2489 965 2531; x_wconf 87' lang='lat' dir='ltr'>recusaturos</span> <span class='ocrx_word' id='word_1_176' title='bbox 976 2495 1029 2533; x_wconf 86' lang='lat' dir='ltr'>esse</span> <span class='ocrx_word' id='word_1_177' title='bbox 1039 2494 1147 2543; x_wconf 89' lang='lat' dir='ltr'>sponsor</span> <span class='ocrx_word' id='word_1_178' title='bbox 1156 2488 1194 2529; x_wconf 97' lang='grc' dir='ltr'>εει</span> <span class='ocrx_word' id='word_1_179' title='bbox 1204 2479 1231 2527; x_wconf 93' lang='lat' dir='ltr'>in</span> <span class='ocrx_word' id='word_1_180' title='bbox 1241 2477 1306 2537; x_wconf 82' lang='lat' dir='ltr'>solo,</span> 
     </span>
     <span class='ocr_line' id='line_1_22' title="bbox 186 2544 1306 2613; baseline -0.001 -18"><span class='ocrx_word' id='word_1_181' title='bbox 186 2553 212 2596; x_wconf 90' lang='lat' dir='ltr'>et</span> <span class='ocrx_word' id='word_1_182' title='bbox 222 2554 353 2610; x_wconf 86' lang='lat' dir='ltr'>praeterea</span> <span class='ocrx_word' id='word_1_183' title='bbox 367 2549 462 2601; x_wconf 87' lang='lat' dir='ltr'>reditus</span> <span class='ocrx_word' id='word_1_184' title='bbox 477 2557 516 2599; x_wconf 88' lang='lat' dir='ltr'>est</span> <span class='ocrx_word' id='word_1_185' title='bbox 530 2551 577 2600; x_wconf 90' lang='lat' dir='ltr'>sub</span> <span class='ocrx_word' id='word_1_186' title='bbox 589 2551 631 2601; x_wconf 92' lang='lat' dir='ltr'>dio</span> <span class='ocrx_word' id='word_1_187' title='bbox 643 2550 839 2613; x_wconf 84' lang='lat' dir='ltr'>superficiesque</span> <span class='ocrx_word' id='word_1_188' title='bbox 851 2563 1011 2612; x_wconf 88' lang='lat' dir='ltr'>quocumque</span> <span class='ocrx_word' id='word_1_189' title='bbox 1023 2547 1093 2596; x_wconf 87' lang='lat' dir='ltr'>caelo</span> <span class='ocrx_word' id='word_1_190' title='bbox 1106 2547 1227 2609; x_wconf 86' lang='lat' dir='ltr'>gaudens.</span> <span class='ocrx_word' id='word_1_191' title='bbox 1254 2544 1306 2595; x_wconf 86' lang='lat' dir='ltr'>Im-</span> 
     </span>
     <span class='ocr_line' id='line_1_23' title="bbox 185 2613 1307 2679; baseline -0.004 -14"><span class='ocrx_word' id='word_1_192' title='bbox 185 2622 288 2679; x_wconf 82' lang='lat' dir='ltr'>perator</span> <span class='ocrx_word' id='word_1_193' title='bbox 304 2631 379 2665; x_wconf 86' lang='lat' dir='ltr'>sunm</span> <span class='ocrx_word' id='word_1_194' title='bbox 394 2617 503 2679; x_wconf 81' lang='lat' dir='ltr'>vectigal</span> <span class='ocrx_word' id='word_1_195' title='bbox 519 2617 572 2667; x_wconf 85' lang='lat' dir='ltr'>sire</span> <span class='ocrx_word' id='word_1_196' title='bbox 588 2617 734 2669; x_wconf 84' lang='lat' dir='ltr'>vicesimam</span> <span class='ocrx_word' id='word_1_197' title='bbox 750 2617 918 2668; x_wconf 85' lang='lat' dir='ltr'>hereditatum</span> <span class='ocrx_word' id='word_1_198' title='bbox 933 2616 974 2665; x_wconf 84' lang='lat' dir='ltr'>vel</span> <span class='ocrx_word' id='word_1_199' title='bbox 990 2630 1006 2663; x_wconf 87' lang='lat' dir='ltr'>a</span> <span class='ocrx_word' id='word_1_200' title='bbox 1016 2615 1176 2679; x_wconf 87' lang='lat' dir='ltr'>pauperrimo</span> <span class='ocrx_word' id='word_1_201' title='bbox 1189 2613 1243 2662; x_wconf 89' lang='lat' dir='ltr'>eive</span> <span class='ocrx_word' id='word_1_202' title='bbox 1254 2627 1307 2661; x_wconf 89' lang='lat' dir='ltr'>cer·</span> 
     </span>
     <span class='ocr_line' id='line_1_24' title="bbox 185 2682 1306 2749; baseline 0 -16"><span class='ocrx_word' id='word_1_203' title='bbox 185 2682 282 2733; x_wconf 69' lang='lat' dir='ltr'>brume</span> <span class='ocrx_word' id='word_1_204' title='bbox 293 2683 394 2746; x_wconf 79' lang='lat' dir='ltr'>exigere</span> <span class='ocrx_word' id='word_1_205' title='bbox 404 2690 500 2748; x_wconf 87' lang='lat' dir='ltr'>potest,</span> <span class='ocrx_word' id='word_1_206' title='bbox 511 2684 579 2748; x_wconf 89' lang='lat' dir='ltr'>quia,</span> <span class='ocrx_word' id='word_1_207' title='bbox 595 2685 616 2735; x_wconf 90' lang='lat' dir='ltr'>si</span> <span class='ocrx_word' id='word_1_208' title='bbox 631 2699 728 2749; x_wconf 87' lang='lat' dir='ltr'>pauper</span> <span class='ocrx_word' id='word_1_209' title='bbox 744 2699 801 2734; x_wconf 91' lang='lat' dir='ltr'>eam</span> <span class='ocrx_word' id='word_1_210' title='bbox 816 2684 927 2747; x_wconf 88' lang='lat' dir='ltr'>pendere</span> <span class='ocrx_word' id='word_1_211' title='bbox 938 2683 1027 2743; x_wconf 87' lang='lat' dir='ltr'>nollet,</span> <span class='ocrx_word' id='word_1_212' title='bbox 1045 2682 1102 2733; x_wconf 87' lang='lat' dir='ltr'>solo</span> <span class='ocrx_word' id='word_1_213' title='bbox 1114 2682 1131 2733; x_wconf 88' lang='lat' dir='ltr'>i.</span> <span class='ocrx_word' id='word_1_214' title='bbox 1144 2696 1167 2732; x_wconf 88' lang='grc' dir='ltr'><strong>ε.</strong></span> <span class='ocrx_word' id='word_1_215' title='bbox 1179 2695 1240 2743; x_wconf 79' lang='lat' dir='ltr'>agro</span> <span class='ocrx_word' id='word_1_216' title='bbox 1253 2695 1306 2733; x_wconf 81' lang='lat' dir='ltr'>ma·</span> 
     </span>
     <span class='ocr_line' id='line_1_25' title="bbox 180 2747 1307 2815; baseline -0.002 -16"><span class='ocrx_word' id='word_1_217' title='bbox 180 2764 248 2807; x_wconf 81' lang='lat' dir='ltr'>,num</span> <span class='ocrx_word' id='word_1_218' title='bbox 263 2749 365 2801; x_wconf 89' lang='lat' dir='ltr'>iniicere</span> <span class='ocrx_word' id='word_1_219' title='bbox 380 2757 477 2815; x_wconf 88' lang='lat' dir='ltr'>potest;</span> <span class='ocrx_word' id='word_1_220' title='bbox 496 2752 557 2803; x_wconf 88' lang='lat' dir='ltr'>item</span> <span class='ocrx_word' id='word_1_221' title='bbox 569 2759 653 2815; x_wconf 87' lang='lat' dir='ltr'>potest</span> <span class='ocrx_word' id='word_1_222' title='bbox 664 2766 790 2801; x_wconf 87' lang='lat' dir='ltr'>summam</span> <span class='ocrx_word' id='word_1_223' title='bbox 801 2750 934 2813; x_wconf 78' lang='lat' dir='ltr'>vectigalis</span> <span class='ocrx_word' id='word_1_224' title='bbox 951 2751 1119 2814; x_wconf 83' lang='lat' dir='ltr'>pendendam,</span> <span class='ocrx_word' id='word_1_225' title='bbox 1138 2750 1197 2812; x_wconf 91' lang='lat' dir='ltr'>quia</span> <span class='ocrx_word' id='word_1_226' title='bbox 1211 2747 1307 2797; x_wconf 89' lang='lat' dir='ltr'>reditus</span> 
     </span>
     <span class='ocr_line' id='line_1_26' title="bbox 185 2813 1307 2883; baseline -0.004 -16"><span class='ocrx_word' id='word_1_227' title='bbox 185 2818 233 2867; x_wconf 88' lang='lat' dir='ltr'>snb</span> <span class='ocrx_word' id='word_1_228' title='bbox 245 2817 286 2866; x_wconf 89' lang='lat' dir='ltr'>dio</span> <span class='ocrx_word' id='word_1_229' title='bbox 298 2826 344 2879; x_wconf 88' lang='lat' dir='ltr'>est,</span> <span class='ocrx_word' id='word_1_230' title='bbox 360 2817 480 2868; x_wconf 85' lang='lat' dir='ltr'>facillime</span> <span class='ocrx_word' id='word_1_231' title='bbox 497 2826 657 2883; x_wconf 78' lang='lat' dir='ltr'>computare3</span> <span class='ocrx_word' id='word_1_232' title='bbox 673 2819 724 2868; x_wconf 91' lang='lat' dir='ltr'>hnc</span> <span class='ocrx_word' id='word_1_233' title='bbox 735 2818 839 2879; x_wconf 83' lang='lat' dir='ltr'>aceedit,</span> <span class='ocrx_word' id='word_1_234' title='bbox 857 2820 927 2881; x_wconf 87' lang='lat' dir='ltr'>quod</span> <span class='ocrx_word' id='word_1_235' title='bbox 943 2818 1063 2869; x_wconf 84' lang='lat' dir='ltr'>vicesima</span> <span class='ocrx_word' id='word_1_236' title='bbox 1075 2817 1244 2867; x_wconf 86' lang='lat' dir='ltr'>hereditatum</span> <span class='ocrx_word' id='word_1_237' title='bbox 1256 2813 1307 2868; x_wconf 84' lang='lat' dir='ltr'>for·</span> 
     </span>
     <span class='ocr_line' id='line_1_27' title="bbox 186 2881 1308 2948; baseline -0.004 -13"><span class='ocrx_word' id='word_1_238' title='bbox 186 2891 263 2935; x_wconf 88' lang='lat' dir='ltr'>tunae</span> <span class='ocrx_word' id='word_1_239' title='bbox 280 2886 364 2935; x_wconf 88' lang='lat' dir='ltr'>minus</span> <span class='ocrx_word' id='word_1_240' title='bbox 380 2886 492 2935; x_wconf 86' lang='lat' dir='ltr'>obnoxia</span> <span class='ocrx_word' id='word_1_241' title='bbox 508 2893 546 2936; x_wconf 89' lang='lat' dir='ltr'>est</span> <span class='ocrx_word' id='word_1_242' title='bbox 562 2882 599 2947; x_wconf 85' lang='lat' dir='ltr'>(v.</span> <span class='ocrx_word' id='word_1_243' title='bbox 616 2888 692 2938; x_wconf 85' lang='lat' dir='ltr'>verba</span> <span class='ocrx_word' id='word_1_244' title='bbox 707 2886 785 2937; x_wconf 88' lang='lat' dir='ltr'>Plinii</span> <span class='ocrx_word' id='word_1_245' title='bbox 797 2887 875 2937; x_wconf 89' lang='lat' dir='ltr'>modo</span> <span class='ocrx_word' id='word_1_246' title='bbox 884 2881 1053 2948; x_wconf 82' lang='lat' dir='ltr'>praegressa),</span> <span class='ocrx_word' id='word_1_247' title='bbox 1073 2899 1150 2947; x_wconf 88' lang='lat' dir='ltr'>qnam</span> <span class='ocrx_word' id='word_1_248' title='bbox 1166 2883 1308 2946; x_wconf 88' lang='lat' dir='ltr'>portorium</span> 
     </span>
     <span class='ocr_line' id='line_1_28' title="bbox 185 2951 1308 3017; baseline -0.006 -14"><span class='ocrx_word' id='word_1_249' title='bbox 185 2952 289 3003; x_wconf 89' lang='lat' dir='ltr'>macelli</span> <span class='ocrx_word' id='word_1_250' title='bbox 300 2952 369 3016; x_wconf 91' lang='lat' dir='ltr'>plebi</span> <span class='ocrx_word' id='word_1_251' title='bbox 381 2953 521 3003; x_wconf 84' lang='lat' dir='ltr'>remissum.</span> <span class='ocrx_word' id='word_1_252' title='bbox 540 2951 606 3005; x_wconf 88' lang='lat' dir='ltr'>Cum</span> <span class='ocrx_word' id='word_1_253' title='bbox 619 2954 686 3003; x_wconf 92' lang='lat' dir='ltr'>enim</span> <span class='ocrx_word' id='word_1_254' title='bbox 698 2953 870 3017; x_wconf 86' lang='lat' dir='ltr'>portariorum</span> <span class='ocrx_word' id='word_1_255' title='bbox 878 2953 1028 3015; x_wconf 80' lang='lat' dir='ltr'>magnitudo</span> <span class='ocrx_word' id='word_1_256' title='bbox 1039 2958 1083 3001; x_wconf 90' lang='lat' dir='ltr'>aut</span> <span class='ocrx_word' id='word_1_257' title='bbox 1092 2951 1193 3001; x_wconf 82' lang='lat' dir='ltr'>exilitas</span> <span class='ocrx_word' id='word_1_258' title='bbox 1203 2965 1308 3012; x_wconf 81' lang='lat' dir='ltr'>asaper-</span> 
     </span>
     <span class='ocr_line' id='line_1_29' title="bbox 180 3017 1307 3085; baseline -0.003 -18"><span class='ocrx_word' id='word_1_259' title='bbox 180 3018 238 3081; x_wconf 76' lang='lat' dir='ltr'>ficie</span> <span class='ocrx_word' id='word_1_260' title='bbox 250 3020 327 3069; x_wconf 86' lang='lat' dir='ltr'>maris</span> <span class='ocrx_word' id='word_1_261' title='bbox 338 3020 419 3069; x_wconf 88' lang='lat' dir='ltr'>ventis</span> <span class='ocrx_word' id='word_1_262' title='bbox 428 3020 486 3084; x_wconf 87' lang='lat' dir='ltr'>plus</span> <span class='ocrx_word' id='word_1_263' title='bbox 494 3020 610 3071; x_wconf 85' lang='lat' dir='ltr'>minusve</span> <span class='ocrx_word' id='word_1_264' title='bbox 618 3021 719 3070; x_wconf 89' lang='lat' dir='ltr'>turbata</span> <span class='ocrx_word' id='word_1_265' title='bbox 727 3022 846 3085; x_wconf 87' lang='lat' dir='ltr'>pendeat,</span> <span class='ocrx_word' id='word_1_266' title='bbox 857 3019 992 3084; x_wconf 71' lang='lat' dir='ltr'>superficies</span> <span class='ocrx_word' id='word_1_267' title='bbox 1001 3019 1055 3082; x_wconf 83' lang='lat' dir='ltr'>agri</span> <span class='ocrx_word' id='word_1_268' title='bbox 1065 3032 1226 3081; x_wconf 88' lang='lat' dir='ltr'>quocumque</span> <span class='ocrx_word' id='word_1_269' title='bbox 1235 3017 1307 3067; x_wconf 91' lang='lat' dir='ltr'>caelo</span> 
     </span>
     <span class='ocr_line' id='line_1_30' title="bbox 185 3083 1308 3152; baseline -0.004 -15"><span class='ocrx_word' id='word_1_270' title='bbox 185 3088 299 3151; x_wconf 75' lang='lat' dir='ltr'>gaudens</span> <span class='ocrx_word' id='word_1_271' title='bbox 311 3086 349 3136; x_wconf 87' lang='lat' dir='ltr'>iili</span> <span class='ocrx_word' id='word_1_272' title='bbox 358 3086 473 3150; x_wconf 89' lang='lat' dir='ltr'>periculo</span> <span class='ocrx_word' id='word_1_273' title='bbox 483 3103 535 3137; x_wconf 93' lang='lat' dir='ltr'>non</span> <span class='ocrx_word' id='word_1_274' title='bbox 544 3098 582 3137; x_wconf 91' lang='lat' dir='ltr'>est</span> <span class='ocrx_word' id='word_1_275' title='bbox 594 3088 716 3147; x_wconf 83' lang='lat' dir='ltr'>obnoxia,</span> <span class='ocrx_word' id='word_1_276' title='bbox 728 3088 771 3137; x_wconf 90' lang='lat' dir='ltr'>nbi</span> <span class='ocrx_word' id='word_1_277' title='bbox 783 3087 865 3152; x_wconf 88' lang='lat' dir='ltr'>probe</span> <span class='ocrx_word' id='word_1_278' title='bbox 877 3089 1016 3139; x_wconf 88' lang='lat' dir='ltr'>tenendum</span> <span class='ocrx_word' id='word_1_279' title='bbox 1027 3096 1065 3137; x_wconf 85' lang='grc' dir='ltr'>εει</span> <span class='ocrx_word' id='word_1_280' title='bbox 1076 3101 1166 3135; x_wconf 82' lang='lat' dir='ltr'>vocem</span> <span class='ocrx_word' id='word_1_281' title='bbox 1174 3083 1308 3147; x_wconf 81' lang='lat' dir='ltr'>superficies</span> 
     </span>
     <span class='ocr_line' id='line_1_31' title="bbox 185 3153 1307 3219; baseline -0.002 -16"><span class='ocrx_word' id='word_1_282' title='bbox 185 3155 213 3203; x_wconf 85' lang='lat' dir='ltr'>h.</span> <span class='ocrx_word' id='word_1_283' title='bbox 229 3153 247 3203; x_wconf 86' lang='lat' dir='ltr'>l.</span> <span class='ocrx_word' id='word_1_284' title='bbox 265 3168 341 3204; x_wconf 91' lang='lat' dir='ltr'>sensu</span> <span class='ocrx_word' id='word_1_285' title='bbox 358 3153 474 3203; x_wconf 88' lang='lat' dir='ltr'>technico</span> <span class='ocrx_word' id='word_1_286' title='bbox 491 3155 599 3219; x_wconf 83' lang='lat' dir='ltr'>intelligi</span> <span class='ocrx_word' id='word_1_287' title='bbox 611 3157 643 3205; x_wconf 89' lang='lat' dir='ltr'>de</span> <span class='ocrx_word' id='word_1_288' title='bbox 655 3155 775 3207; x_wconf 86' lang='lat' dir='ltr'>aedificiis</span> <span class='ocrx_word' id='word_1_289' title='bbox 787 3155 814 3204; x_wconf 88' lang='lat' dir='ltr'>in</span> <span class='ocrx_word' id='word_1_290' title='bbox 825 3169 888 3218; x_wconf 83' lang='lat' dir='ltr'>agro</span> <span class='ocrx_word' id='word_1_291' title='bbox 901 3154 986 3218; x_wconf 75' lang='lat' dir='ltr'>aliquo</span> <span class='ocrx_word' id='word_1_292' title='bbox 1004 3154 1114 3205; x_wconf 88' lang='lat' dir='ltr'>conditis</span> <span class='ocrx_word' id='word_1_293' title='bbox 1131 3153 1235 3215; x_wconf 88' lang='lat' dir='ltr'>eiusque</span> <span class='ocrx_word' id='word_1_294' title='bbox 1250 3167 1307 3215; x_wconf 87' lang='lat' dir='ltr'>par-</span> 
     </span>
     <span class='ocr_line' id='line_1_32' title="bbox 186 3217 1306 3283; baseline -0.004 -13"><span class='ocrx_word' id='word_1_295' title='bbox 186 3227 236 3270; x_wconf 89' lang='lat' dir='ltr'>tem</span> <span class='ocrx_word' id='word_1_296' title='bbox 254 3219 403 3271; x_wconf 84' lang='lat' dir='ltr'>facientibus</span> <span class='ocrx_word' id='word_1_297' title='bbox 420 3217 491 3283; x_wconf 77' lang='lat' dir='ltr'>(Cum</span> <span class='ocrx_word' id='word_1_298' title='bbox 508 3220 579 3271; x_wconf 85' lang='lat' dir='ltr'>aedes</span> <span class='ocrx_word' id='word_1_299' title='bbox 596 3238 625 3271; x_wconf 77' lang='lat' dir='ltr'>ex</span> <span class='ocrx_word' id='word_1_300' title='bbox 642 3220 733 3271; x_wconf 82' lang='lat' dir='ltr'>duabus</span> <span class='ocrx_word' id='word_1_301' title='bbox 744 3221 813 3271; x_wconf 81' lang='lat' dir='ltr'>rebus</span> <span class='ocrx_word' id='word_1_302' title='bbox 824 3229 935 3282; x_wconf 73' lang='lat' dir='ltr'>eousmut,</span> <span class='ocrx_word' id='word_1_303' title='bbox 947 3218 1306 3283; x_wconf 77' lang='lat' dir='ltr'>enaoloetaupetfioie,1abol.</span> 
     </span>
     <span class='ocr_line' id='line_1_33' title="bbox 186 3286 1307 3353; baseline -0.004 -14"><span class='ocrx_word' id='word_1_304' title='bbox 186 3288 275 3353; x_wconf 79' lang='lat' dir='ltr'>digest.</span> <span class='ocrx_word' id='word_1_305' title='bbox 287 3287 358 3341; x_wconf 86' lang='lat' dir='ltr'><strong>XLI.</strong></span> <span class='ocrx_word' id='word_1_306' title='bbox 371 3295 395 3350; x_wconf 81' lang='grc'>3,</span> <span class='ocrx_word' id='word_1_307' title='bbox 409 3286 471 3352; x_wconf 80' lang='lat'>2³.).</span> <span class='ocrx_word' id='word_1_308' title='bbox 488 3297 514 3339; x_wconf 91' lang='lat' dir='ltr'>et</span> <span class='ocrx_word' id='word_1_309' title='bbox 529 3290 598 3340; x_wconf 86' lang='lat' dir='ltr'>vides</span> <span class='ocrx_word' id='word_1_310' title='bbox 616 3291 675 3350; x_wconf 86' lang='lat' dir='ltr'>iam,</span> <span class='ocrx_word' id='word_1_311' title='bbox 692 3304 744 3353; x_wconf 91' lang='lat' dir='ltr'>qno</span> <span class='ocrx_word' id='word_1_312' title='bbox 760 3290 813 3340; x_wconf 91' lang='lat' dir='ltr'>iure</span> <span class='ocrx_word' id='word_1_313' title='bbox 824 3289 890 3351; x_wconf 77' lang='lat' dir='ltr'>Plin.</span> <span class='ocrx_word' id='word_1_314' title='bbox 902 3304 999 3339; x_wconf 86' lang='lat' dir='ltr'>novum</span> <span class='ocrx_word' id='word_1_315' title='bbox 1010 3288 1118 3351; x_wconf 82' lang='lat' dir='ltr'>vectigal</span> <span class='ocrx_word' id='word_1_316' title='bbox 1131 3287 1307 3350; x_wconf 86' lang='lat' dir='ltr'>quaestuosius</span> 
     </span>
     <span class='ocr_line' id='line_1_34' title="bbox 187 3354 1306 3421; baseline -0.004 -14"><span class='ocrx_word' id='word_1_317' title='bbox 187 3363 213 3407; x_wconf 90' lang='lat' dir='ltr'>et</span> <span class='ocrx_word' id='word_1_318' title='bbox 224 3356 302 3407; x_wconf 86' lang='lat' dir='ltr'>tutius</span> <span class='ocrx_word' id='word_1_319' title='bbox 313 3356 481 3421; x_wconf 84' lang='lat' dir='ltr'>fortunaeque</span> <span class='ocrx_word' id='word_1_320' title='bbox 492 3357 576 3409; x_wconf 86' lang='lat' dir='ltr'>minus</span> <span class='ocrx_word' id='word_1_321' title='bbox 589 3357 730 3407; x_wconf 90' lang='lat' dir='ltr'>obnoxium</span> <span class='ocrx_word' id='word_1_322' title='bbox 742 3372 820 3420; x_wconf 90' lang='lat' dir='ltr'>quam</span> <span class='ocrx_word' id='word_1_323' title='bbox 832 3357 966 3421; x_wconf 88' lang='lat' dir='ltr'>pristinum</span> <span class='ocrx_word' id='word_1_324' title='bbox 979 3355 1079 3406; x_wconf 86' lang='lat' dir='ltr'>dixerit</span> <span class='ocrx_word' id='word_1_325' title='bbox 1100 3355 1137 3405; x_wconf 89' lang='lat' dir='ltr'>Ut</span> <span class='ocrx_word' id='word_1_326' title='bbox 1148 3369 1208 3405; x_wconf 89' lang='lat' dir='ltr'>vero</span> <span class='ocrx_word' id='word_1_327' title='bbox 1221 3354 1306 3404; x_wconf 82' lang='lat' dir='ltr'>locum</span> 
     </span>
     <span class='ocr_line' id='line_1_35' title="bbox 187 3422 1400 3491; baseline -0.003 -18"><span class='ocrx_word' id='word_1_328' title='bbox 187 3424 275 3474; x_wconf 89' lang='lat' dir='ltr'>multis</span> <span class='ocrx_word' id='word_1_329' title='bbox 292 3424 447 3488; x_wconf 88' lang='lat' dir='ltr'>inpartibus</span> <span class='ocrx_word' id='word_1_330' title='bbox 463 3423 515 3475; x_wconf 85' lang='lat' dir='ltr'>iam</span> <span class='ocrx_word' id='word_1_331' title='bbox 531 3433 656 3479; x_wconf 86' lang='lat' dir='ltr'>mutatum</span> <span class='ocrx_word' id='word_1_332' title='bbox 673 3424 752 3491; x_wconf 84' lang='lat' dir='ltr'>paulo</span> <span class='ocrx_word' id='word_1_333' title='bbox 764 3423 871 3482; x_wconf 87' lang='lat' dir='ltr'>facilius,</span> <span class='ocrx_word' id='word_1_334' title='bbox 888 3439 965 3487; x_wconf 90' lang='lat' dir='ltr'>quam</span> <span class='ocrx_word' id='word_1_335' title='bbox 980 3424 1106 3488; x_wconf 89' lang='lat' dir='ltr'>perhanc</span> <span class='ocrx_word' id='word_1_336' title='bbox 1118 3422 1308 3473; x_wconf 86' lang='lat' dir='ltr'>adnotationem</span> <span class='ocrx_word' id='word_1_337' title='bbox 1395 3438 1400 3443; x_wconf 96' lang='lat'>·</span> 
     </span>
     <span class='ocr_line' id='line_1_36' title="bbox 186 3487 1307 3556; baseline -0.007 -13"><span class='ocrx_word' id='word_1_338' title='bbox 186 3492 241 3549; x_wconf 84' lang='lat' dir='ltr'>fieri</span> <span class='ocrx_word' id='word_1_339' title='bbox 252 3497 343 3556; x_wconf 91' lang='lat' dir='ltr'>potest,</span> <span class='ocrx_word' id='word_1_340' title='bbox 355 3506 503 3554; x_wconf 80' lang='lat' dir='ltr'>cognoscas,</span> <span class='ocrx_word' id='word_1_341' title='bbox 515 3493 559 3541; x_wconf 87' lang='lat' dir='ltr'>hic</span> <span class='ocrx_word' id='word_1_342' title='bbox 570 3507 629 3544; x_wconf 90' lang='lat' dir='ltr'>eum</span> <span class='ocrx_word' id='word_1_343' title='bbox 641 3494 803 3545; x_wconf 81' lang='lat' dir='ltr'>emendatum</span> <span class='ocrx_word' id='word_1_344' title='bbox 814 3492 969 3543; x_wconf 85' lang='lat' dir='ltr'>adscribam:</span> <span class='ocrx_word' id='word_1_345' title='bbox 986 3489 1063 3543; x_wconf 84' lang='lat' dir='ltr'>Nemo</span> <span class='ocrx_word' id='word_1_346' title='bbox 1074 3505 1156 3539; x_wconf 69' lang='lat' dir='ltr'>samos</span> <span class='ocrx_word' id='word_1_347' title='bbox 1167 3487 1307 3539; x_wconf 79' lang='lat' dir='ltr'>Aventinus-</span> 
     </span>
     <span class='ocr_line' id='line_1_37' title="bbox 187 3553 1309 3628; baseline -0.002 -22"><span class='ocrx_word' id='word_1_348' title='bbox 187 3574 232 3628; x_wconf 84' lang='lat' dir='ltr'>que</span> <span class='ocrx_word' id='word_1_349' title='bbox 243 3558 569 3623; x_wconf 68' lang='lat' dir='ltr'>utcutea..eircuumpenerit,⁸</span> <span class='ocrx_word' id='word_1_350' title='bbox 586 3575 640 3609; x_wconf 79' lang='lat' dir='ltr'>mon</span> <span class='ocrx_word' id='word_1_351' title='bbox 652 3559 712 3608; x_wconf 89' lang='lat' dir='ltr'>euim</span> <span class='ocrx_word' id='word_1_352' title='bbox 724 3567 786 3609; x_wconf 86' lang='lat' dir='ltr'>certe</span> <span class='ocrx_word' id='word_1_353' title='bbox 797 3557 909 3621; x_wconf 80' lang='lat' dir='ltr'>aequabit</span> <span class='ocrx_word' id='word_1_354' title='bbox 919 3573 966 3606; x_wconf 88' lang='lat' dir='ltr'>eos</span> <span class='ocrx_word' id='word_1_355' title='bbox 979 3556 1119 3622; x_wconf 81' lang='lat' dir='ltr'>pecunia,</span> <span class='ocrx_word' id='word_1_356' title='bbox 1136 3573 1193 3619; x_wconf 84' lang='lat' dir='ltr'>quos</span> <span class='ocrx_word' id='word_1_357' title='bbox 1206 3553 1309 3620; x_wconf 74' lang='lat' dir='ltr'>pecunia</span> 
     </span>
     <span class='ocr_line' id='line_1_38' title="bbox 187 3621 1309 3691; baseline -0.005 -15"><span class='ocrx_word' id='word_1_358' title='bbox 187 3625 343 3691; x_wconf 80' lang='lat' dir='ltr'>separaverit.</span> <span class='ocrx_word' id='word_1_359' title='bbox 370 3624 464 3690; x_wconf 83' lang='lat' dir='ltr'>Itaque,</span> <span class='ocrx_word' id='word_1_360' title='bbox 480 3625 604 3688; x_wconf 78' lang='lat' dir='ltr'>Hercules,</span> <span class='ocrx_word' id='word_1_361' title='bbox 621 3625 709 3677; x_wconf 85' lang='lat' dir='ltr'>uullum</span> <span class='ocrx_word' id='word_1_362' title='bbox 725 3623 821 3675; x_wconf 83' lang='lat' dir='ltr'>macelli</span> <span class='ocrx_word' id='word_1_363' title='bbox 834 3621 936 3689; x_wconf 64' lang='lat' dir='ltr'>satsat</span> <span class='ocrx_word' id='word_1_364' title='bbox 951 3624 1092 3687; x_wconf 76' lang='lat' dir='ltr'>materfuit</span> <span class='ocrx_word' id='word_1_365' title='bbox 1106 3623 1309 3674; x_wconf 72' lang='lat' dir='ltr'>Romae-..uc</span> 
     </span>
     <span class='ocr_line' id='line_1_39' title="bbox 188 3687 1309 3759; baseline -0.006 -16"><span class='ocrx_word' id='word_1_366' title='bbox 188 3693 401 3757; x_wconf 83' lang='lat' dir='ltr'>minoresortuuae</span> <span class='ocrx_word' id='word_1_367' title='bbox 417 3693 476 3755; x_wconf 84' lang='lat' dir='ltr'>iure,</span> <span class='ocrx_word' id='word_1_368' title='bbox 493 3710 578 3759; x_wconf 86' lang='lat' dir='ltr'>quam</span> <span class='ocrx_word' id='word_1_369' title='bbox 594 3710 645 3743; x_wconf 85' lang='lat' dir='ltr'>cum</span> <span class='ocrx_word' id='word_1_370' title='bbox 662 3691 835 3742; x_wconf 72' lang='lat' dir='ltr'>hereditate</span> <span class='ocrx_word' id='word_1_371' title='bbox 846 3690 1011 3755; x_wconf 74' lang='lat' dir='ltr'>datus-pensio</span> <span class='ocrx_word' id='word_1_372' title='bbox 1022 3709 1051 3741; x_wconf 83' lang='lat' dir='ltr'>ea</span> <span class='ocrx_word' id='word_1_373' title='bbox 1059 3707 1205 3757; x_wconf 61' lang='lat' dir='ltr'>pauperum·</span> <span class='ocrx_word' id='word_1_374' title='bbox 1222 3689 1268 3739; x_wconf 77' lang='lat' dir='ltr'>bis</span> <span class='ocrx_word' id='word_1_375' title='bbox 1284 3687 1309 3736; x_wconf 83' lang='lat' dir='ltr'>iu</span> 
     </span>
     <span class='ocr_line' id='line_1_40' title="bbox 187 3757 1310 3826; baseline -0.005 -14"><span class='ocrx_word' id='word_1_376' title='bbox 187 3760 237 3813; x_wconf 80' lang='lat' dir='ltr'>solo</span> <span class='ocrx_word' id='word_1_377' title='bbox 248 3777 347 3826; x_wconf 70' lang='lat' dir='ltr'>mensor</span> <span class='ocrx_word' id='word_1_378' title='bbox 358 3768 393 3810; x_wconf 86' lang='lat' dir='ltr'>est</span> <span class='ocrx_word' id='word_1_379' title='bbox 403 3762 457 3813; x_wconf 91' lang='lat' dir='ltr'>rell.</span> <span class='ocrx_word' id='word_1_380' title='bbox 479 3763 565 3813; x_wconf 90' lang='lat' dir='ltr'>Unum</span> <span class='ocrx_word' id='word_1_381' title='bbox 577 3770 663 3823; x_wconf 89' lang='lat' dir='ltr'>restat,</span> <span class='ocrx_word' id='word_1_382' title='bbox 675 3767 705 3811; x_wconf 90' lang='lat' dir='ltr'>nt</span> <span class='ocrx_word' id='word_1_383' title='bbox 715 3762 807 3811; x_wconf 84' lang='lat' dir='ltr'>addam</span> <span class='ocrx_word' id='word_1_384' title='bbox 823 3760 962 3809; x_wconf 86' lang='lat' dir='ltr'>ablativum</span> <span class='ocrx_word' id='word_1_385' title='bbox 979 3757 1081 3809; x_wconf 85' lang='lat' dir='ltr'>clamore</span> <span class='ocrx_word' id='word_1_386' title='bbox 1093 3761 1243 3809; x_wconf 87' lang='lat' dir='ltr'>sumendum</span> <span class='ocrx_word' id='word_1_387' title='bbox 1255 3771 1310 3807; x_wconf 85' lang='lat' dir='ltr'>esse</span> 
     </span>
     <span class='ocr_line' id='line_1_41' title="bbox 188 3823 1310 3895; baseline -0.008 -15"><span class='ocrx_word' id='word_1_388' title='bbox 188 3845 234 3895; x_wconf 82' lang='lat' dir='ltr'>pro</span> <span class='ocrx_word' id='word_1_389' title='bbox 250 3827 375 3878; x_wconf 84' lang='lat' dir='ltr'>secuudum</span> <span class='ocrx_word' id='word_1_390' title='bbox 393 3826 516 3878; x_wconf 83' lang='lat' dir='ltr'>clamorem</span> <span class='ocrx_word' id='word_1_391' title='bbox 534 3828 593 3879; x_wconf 87' lang='lat' dir='ltr'>coll.</span> <span class='ocrx_word' id='word_1_392' title='bbox 612 3827 803 3892; x_wconf 83' lang='lat' dir='ltr'>interpretatione</span> <span class='ocrx_word' id='word_1_393' title='bbox 815 3833 839 3889; x_wconf 79' lang='lat'>2,</span> <span class='ocrx_word' id='word_1_394' title='bbox 853 3831 901 3888; x_wconf 75' lang='lat' dir='ltr'>lu,</span> <span class='ocrx_word' id='word_1_395' title='bbox 952 3825 1064 3888; x_wconf 72' lang='lat' dir='ltr'>iuioue&#39;d,</span> <span class='ocrx_word' id='word_1_396' title='bbox 1078 3833 1127 3889; x_wconf 81' lang='lat'>96,</span> <span class='ocrx_word' id='word_1_397' title='bbox 1147 3823 1310 3876; x_wconf 60' lang='lat' dir='ltr'>animatione</span> 
     </span>
     <span class='ocr_line' id='line_1_42' title="bbox 190 3842 1307 3961; baseline -0.005 -14"><span class='ocrx_word' id='word_1_398' title='bbox 190 3899 213 3958; x_wconf 86' lang='grc'>7,</span> <span class='ocrx_word' id='word_1_399' title='bbox 228 3902 260 3959; x_wconf 88' lang='grc'>7.,</span> <span class='ocrx_word' id='word_1_400' title='bbox 278 3895 369 3961; x_wconf 72' lang='lat' dir='ltr'>peribis</span> <span class='ocrx_word' id='word_1_401' title='bbox 382 3901 421 3958; x_wconf 85' lang='lat' dir='ltr'>ts,</span> <span class='ocrx_word' id='word_1_402' title='bbox 434 3903 484 3958; x_wconf 75' lang='lat'>82,</span> <span class='ocrx_word' id='word_1_403' title='bbox 503 3893 656 3961; x_wconf 73' lang='lat' dir='ltr'>philosophia</span> <span class='ocrx_word' id='word_1_404' title='bbox 667 3901 709 3955; x_wconf 80' lang='grc'>36,</span> <span class='ocrx_word' id='word_1_405' title='bbox 724 3899 763 3945; x_wconf 82' lang='lat' dir='ltr'>tr.</span> <span class='ocrx_word' id='word_1_406' title='bbox 787 3934 820 3943; x_wconf 80' lang='grc'>-</span> <span class='ocrx_word' id='word_1_407' title='bbox 845 3842 968 3956; x_wconf 44' lang='lat' dir='ltr'>Hemoda</span> <span class='ocrx_word' id='word_1_408' title='bbox 981 3897 1046 3946; x_wconf 86' lang='lat' dir='ltr'>aed.</span> <span class='ocrx_word' id='word_1_409' title='bbox 1072 3892 1185 3955; x_wconf 84' lang='lat' dir='ltr'>Hercule,</span> <span class='ocrx_word' id='word_1_410' title='bbox 1201 3888 1254 3956; x_wconf 67' lang='lat' dir='ltr'>dr.</span> <span class='ocrx_word' id='word_1_411' title='bbox 1276 3932 1307 3941; x_wconf 79' lang='grc'>.-</span> 
     </span>
     <span class='ocr_line' id='line_1_43' title="bbox 189 3960 1309 4025; baseline -0.006 -11"><span class='ocrx_word' id='word_1_412' title='bbox 189 3963 275 4025; x_wconf 78' lang='lat' dir='ltr'>muius,</span> <span class='ocrx_word' id='word_1_413' title='bbox 287 3967 311 4015; x_wconf 91' lang='lat' dir='ltr'>d.</span> <span class='ocrx_word' id='word_1_414' title='bbox 338 3961 422 4025; x_wconf 76' lang='lat' dir='ltr'>malm,</span> <span class='ocrx_word' id='word_1_415' title='bbox 434 3977 456 4013; x_wconf 92' lang='lat' dir='ltr'>c.</span> <span class='ocrx_word' id='word_1_416' title='bbox 483 3960 578 4022; x_wconf 83' lang='lat' dir='ltr'>malum,</span> <span class='ocrx_word' id='word_1_417' title='bbox 591 3977 614 4012; x_wconf 91' lang='lat' dir='ltr'>a.</span> <span class='ocrx_word' id='word_1_418' title='bbox 639 4002 670 4010; x_wconf 83' lang='lat'><em>-</em></span> <span class='ocrx_word' id='word_1_419' title='bbox 697 3960 851 4022; x_wconf 82' lang='lat' dir='ltr'>iuouusautis,</span> <span class='ocrx_word' id='word_1_420' title='bbox 864 3977 885 4012; x_wconf 90' lang='lat' dir='ltr'>c.</span> <span class='ocrx_word' id='word_1_421' title='bbox 905 4001 936 4011; x_wconf 91' lang='lat'>..</span> <span class='ocrx_word' id='word_1_422' title='bbox 955 3961 1044 4024; x_wconf 70' lang='lat' dir='ltr'>mersu,</span> <span class='ocrx_word' id='word_1_423' title='bbox 1057 3978 1078 4012; x_wconf 90' lang='lat' dir='ltr'>c.</span> <span class='ocrx_word' id='word_1_424' title='bbox 1099 4001 1130 4013; x_wconf 71' lang='grc'><strong>-</strong></span> <span class='ocrx_word' id='word_1_425' title='bbox 1145 3960 1272 4023; x_wconf 81' lang='lat' dir='ltr'>fortunae,</span> <span class='ocrx_word' id='word_1_426' title='bbox 1285 3961 1309 4010; x_wconf 87' lang='lat' dir='ltr'>d.</span> 
     </span>
     <span class='ocr_line' id='line_1_44' title="bbox 181 4027 582 4098; baseline -0.007 -16"><span class='ocrx_word' id='word_1_427' title='bbox 181 4029 334 4098; x_wconf 78' lang='lat' dir='ltr'>fortitudine,</span> <span class='ocrx_word' id='word_1_428' title='bbox 347 4046 390 4083; x_wconf 87' lang='lat' dir='ltr'>ac.</span> <span class='ocrx_word' id='word_1_429' title='bbox 410 4071 441 4080; x_wconf 84' lang='grc'>-</span> <span class='ocrx_word' id='word_1_430' title='bbox 460 4027 506 4091; x_wconf 88' lang='lat' dir='ltr'>die,</span> <span class='ocrx_word' id='word_1_431' title='bbox 518 4031 582 4081; x_wconf 83' lang='lat' dir='ltr'>aed</span> 
     </span>
    </p>
   </div>
   <div class='ocr_carea' id='block_1_4' title="bbox 190 4121 1310 4262">
    <p class='ocr_par' dir='ltr' id='par_1_4' title="bbox 190 4121 1310 4262">
     <span class='ocr_line' id='line_1_45' title="bbox 224 4121 1307 4196; baseline -0.006 -14"><span class='ocrx_word' id='word_1_432' title='bbox 224 4134 292 4196; x_wconf 60' lang='grc'>557.</span> <span class='ocrx_word' id='word_1_433' title='bbox 322 4128 380 4181; x_wconf 80' lang='lat' dir='ltr'>Cato</span> <span class='ocrx_word' id='word_1_434' title='bbox 392 4134 425 4182; x_wconf 86' lang='lat' dir='ltr'>ds</span> <span class='ocrx_word' id='word_1_435' title='bbox 435 4146 463 4181; x_wconf 89' lang='lat' dir='ltr'>re</span> <span class='ocrx_word' id='word_1_436' title='bbox 475 4138 536 4182; x_wconf 87' lang='lat' dir='ltr'>rust.</span> <span class='ocrx_word' id='word_1_437' title='bbox 551 4134 607 4180; x_wconf 81' lang='lat' dir='ltr'>lte.</span> <span class='ocrx_word' id='word_1_438' title='bbox 632 4169 664 4178; x_wconf 86' lang='lat'>..</span> <span class='ocrx_word' id='word_1_439' title='bbox 687 4126 852 4191; x_wconf 70' lang='lat' dir='ltr'>mammone,</span> <span class='ocrx_word' id='word_1_440' title='bbox 868 4121 977 4183; x_wconf 71' lang='lat' dir='ltr'>ossus.</span> <span class='ocrx_word' id='word_1_441' title='bbox 1000 4124 1258 4192; x_wconf 68' lang='lat' dir='ltr'>umnmabaumr,dr.</span> <span class='ocrx_word' id='word_1_442' title='bbox 1277 4170 1307 4177; x_wconf 93' lang='lat'>..</span> 
     </span>
     <span class='ocr_line' id='line_1_46' title="bbox 190 4194 1310 4262; baseline -0.002 -15"><span class='ocrx_word' id='word_1_443' title='bbox 190 4212 240 4247; x_wconf 77' lang='lat' dir='ltr'>esse</span> <span class='ocrx_word' id='word_1_444' title='bbox 252 4199 285 4260; x_wconf 82' lang='lat' dir='ltr'>iu,</span> <span class='ocrx_word' id='word_1_445' title='bbox 297 4201 313 4248; x_wconf 93' lang='lat' dir='ltr'>d</span> <span class='ocrx_word' id='word_1_446' title='bbox 326 4197 414 4262; x_wconf 88' lang='lat' dir='ltr'>(codd.</span> <span class='ocrx_word' id='word_1_447' title='bbox 428 4200 494 4251; x_wconf 84' lang='lat' dir='ltr'>Bnd.</span> <span class='ocrx_word' id='word_1_448' title='bbox 505 4200 537 4248; x_wconf 90' lang='lat' dir='ltr'>de</span> <span class='ocrx_word' id='word_1_449' title='bbox 549 4211 605 4248; x_wconf 85' lang='lat' dir='ltr'>asse</span> <span class='ocrx_word' id='word_1_450' title='bbox 616 4212 642 4260; x_wconf 74' lang='lat' dir='ltr'>p·</span> <span class='ocrx_word' id='word_1_451' title='bbox 655 4194 726 4259; x_wconf 73' lang='lat'>289.)</span> <span class='ocrx_word' id='word_1_452' title='bbox 745 4195 824 4260; x_wconf 67' lang='lat' dir='ltr'>aaut,</span> <span class='ocrx_word' id='word_1_453' title='bbox 837 4213 858 4249; x_wconf 88' lang='lat' dir='ltr'>o.</span> <span class='ocrx_word' id='word_1_454' title='bbox 877 4206 958 4261; x_wconf 76' lang='lat' dir='ltr'>meur,</span> <span class='ocrx_word' id='word_1_455' title='bbox 970 4215 992 4250; x_wconf 90' lang='lat' dir='ltr'>a.</span> <span class='ocrx_word' id='word_1_456' title='bbox 1012 4198 1131 4249; x_wconf 82' lang='lat' dir='ltr'>Ceterum</span> <span class='ocrx_word' id='word_1_457' title='bbox 1143 4199 1212 4248; x_wconf 87' lang='lat' dir='ltr'>hunc</span> <span class='ocrx_word' id='word_1_458' title='bbox 1224 4197 1310 4246; x_wconf 90' lang='lat' dir='ltr'>locum</span> 
     </span>
    </p>
   </div>
   <div class='ocr_carea' id='block_1_5' title="bbox 0 0 1452 4792">
    <p class='ocr_par' dir='ltr' id='par_1_5' title="bbox 0 0 1452 4792">
     <span class='ocr_line' id='line_1_47' title="bbox 0 0 1452 4792; baseline 0 0"><span class='ocrx_word' id='word_1_459' title='bbox 0 0 1452 4792; x_wconf 95' lang='lat' dir='ltr'> </span> 
     </span>
    </p>
   </div>
  </div>
 </body>
</html>
