2896 4792
293 302 365 351 nm.
380 301 483 350 xvm.
514 302 592 350 car.
607 302 737 350 xxxm.
752 299 879 349 xxxiv.
909 300 1006 349 sacr.
1022 303 1053 346 a.
1067 302 1099 348 u.
1198 284 1261 351 223

138 453 270 519 dictum.
304 453 342 517 In
367 453 452 519 huno
474 453 583 538 ponito
605 452 736 527 arbores
759 453 909 535 vitisque,
938 453 995 518 sed
1021 451 1081 517 hoo
1101 450 1200 518 flante
1220 476 1261 520 ns
1274 475 1324 520 333

137 564 242 632 arato,
265 554 394 640 frugem
414 577 454 618 ne
478 554 586 631 serito,
610 575 719 619 semen
740 575 781 618 ne
802 553 912 630 iacit03
946 552 1155 639 praestringit
1177 555 1262 620 enim

77 656 84 671 '
137 667 235 739 atque
256 654 403 741 percellit
424 655 477 720 hio
503 654 627 719 radices
655 654 806 720 arborum
836 675 918 737 quas
939 654 1103 738 positurus
1124 653 1261 721 adferes.

50 748 54 753 ’
136 755 334 823 Praedootus
356 765 439 822 esto:
462 755 525 820 alia
545 753 689 819 robustis
711 765 862 839 prosunt,
885 753 947 819 alia
969 748 1158 844 infantibus.
1190 748 1261 820 Neo

52 906 57 911 -
138 879 209 923 sum
230 856 348 921 oblitus
368 857 403 921 in
424 856 484 920 hac
505 867 597 941 parte
615 865 747 920 ventum
762 853 899 920 Graecis
919 856 996 941 poni
1022 876 1117 938 quem
1132 856 1262 922 caecian

140 967 263 1022 vocant.
299 956 366 1023 Sed
386 956 472 1022 idem
494 956 696 1034 Aristoteles,
729 955 777 1021 vir
798 956 961 1021 inmensae
984 955 1185 1032 subtilitatis,
1207 955 1263 1041 qui
1276 977 1326 1023 333

138 1059 172 1122 id
192 1058 302 1143 ipsum
322 1056 407 1135 fecit,
430 1057 585 1121 rationem
604 1055 819 1122 convexitatis
834 1056 946 1121 mundi
961 1056 1077 1135 reddit,
1099 1079 1164 1140 qua
1185 1079 1263 1123 con-

138 1159 255 1225 trarius
269 1158 376 1241 aquilo
389 1157 504 1223 Africo
518 1155 584 1221 flat.
606 1155 677 1222 Nec
691 1167 796 1221 tamen
819 1179 893 1222 eum
914 1168 980 1223 toto
1002 1179 1086 1221 anno
1107 1157 1141 1221 in
1163 1179 1260 1243 prae-

139 1259 232 1325 dictis
255 1260 345 1324 timet
366 1257 524 1344 agricola3
546 1257 686 1322 mollitur
709 1257 816 1323 sidere
837 1269 961 1323 aestate
979 1257 1085 1321 media
1099 1267 1264 1341 mutatque

138 1384 255 1427 nomen
270 1372 303 1424 et
317 1359 431 1425 etesias
446 1368 589 1426 vocatur.
611 1357 702 1445 Ergo
716 1380 790 1423 oum
804 1357 959 1443 frigidum
976 1358 1106 1436 senties,
1130 1372 1262 1438 cavet03

139 1484 177 1527 ao
198 1474 400 1545 quacumque
421 1459 528 1543 aquilo
550 1458 760 1545 praedicitur,
792 1469 879 1524 tanto
901 1459 1110 1544 perniciosior
1132 1470 1262 1546 septen-

142 1561 203 1629 trio
223 1573 284 1627 est.
311 1560 351 1625 In
366 1560 450 1626 huno
466 1560 576 1636 Asiae,
601 1557 770 1637 Graeciae,
793 1558 982 1644 Hispaniae,
1004 1558 1181 1624 maritimae
1195 1558 1265 1623 Ita-
1278 1579 1327 1625 333

141 1663 216 1740 liae,
252 1659 468 1747 Campaniae,
494 1661 634 1747 Apuliae
661 1659 794 1725 arbusta
815 1659 992 1743 vineaeque
1015 1669 1176 1745 spectent3
1210 1659 1266 1743 qui

80 1823 84 1830 .
142 1764 239 1828 maris
261 1763 387 1847 concipi
409 1763 497 1827 voles
524 1763 557 1825 in
578 1761 664 1827 bunc
685 1761 823 1846 pascito,
857 1772 894 1826 ut
916 1762 963 1826 sio
983 1761 1147 1826 ineuntem
1167 1759 1265 1825 ineat.

143 1865 195 1930 Ex
217 1865 353 1930 adverso
374 1864 532 1948 aquilonis
554 1863 595 1928 ab
616 1884 734 1928 occasu
755 1861 891 1927 brumali
905 1861 1038 1926 Africus
1058 1860 1149 1926 flabit
1170 1882 1267 1945 quem

145 1964 263 2031 Graeci
282 1966 349 2031 liba
370 1976 503 2040 vocant3
537 1964 570 2027 in
597 1963 683 2028 huno
705 1984 724 2026 a
746 1963 832 2028 coitu
858 1985 930 2028 cum
953 1984 987 2026 se
1008 1984 1109 2048 pecus
1130 1961 1267 2028 circum·

143 2067 258 2155 egerit,
289 2066 424 2132 feminas
451 2076 623 2149 conceptas
644 2085 716 2128 esse
738 2063 831 2128 scito.
873 2063 983 2128 Tertia
1010 2085 1029 2127 a
1051 2063 1267 2149 septentrione
1280 2081 1330 2128 337

141 2169 233 2245 linia,
261 2189 355 2249 quam
378 2189 437 2252 per
458 2164 659 2231 latitudinem
679 2164 813 2244 umbrae
833 2163 984 2229 dummus
1006 2179 1038 2229 et
1058 2164 1268 2230 decumanam

144 2269 344 2345 vocavimus,
368 2277 515 2332 exortum
536 2264 667 2331 habebit
687 2265 950 2347 aequinoctialem
972 2276 1167 2349 ventumque
1189 2264 1267 2331 sub-

146 2370 292 2434 solanum
314 2364 450 2432 Graecis
472 2365 631 2451 apelioten
652 2364 783 2430 dictum.
816 2364 857 2429 In
878 2364 964 2430 huno
986 2365 1167 2432 salubribus
1188 2367 1267 2433 loeis

144 2468 238 2534 villae
266 2466 443 2549 vineaeque
469 2475 627 2550 spectent.
661 2464 737 2550 Ipse
765 2465 881 2531 leniter
909 2465 1054 2552 pluvius3
1085 2479 1190 2533 tamen
1218 2478 1268 2534 est

145 2568 260 2635 siccior
289 2566 453 2645 favonius,
484 2589 526 2632 ex
554 2565 691 2630 adverso
718 2565 788 2631 eius
814 2563 856 2629 ab
885 2565 1109 2649 aequinoctiali
1137 2590 1265 2646 occasu,

147 2669 308 2755 zephyrus
331 2665 466 2733 Graecis
487 2667 679 2731 nominatus.
707 2664 747 2729 In
769 2665 855 2730 bunc
876 2678 1021 2751 spectare
1043 2668 1159 2733 oliveta
1183 2667 1267 2735 Cato

144 2769 254 2846 iussit;
276 2769 329 2833 hic
351 2792 408 2834 ver
428 2768 558 2835 inchoat
578 2766 746 2853 aperitque
768 2776 871 2832 terras
893 2767 981 2830 tenui
995 2767 1112 2852 frigore
1128 2768 1266 2847 saluber,

146 2871 198 2937 hic
220 2871 295 2936 vitis
316 2870 453 2956 putandi
474 2870 649 2957 frugesque
670 2867 819 2946 curandi,
847 2866 978 2933 arbores
1000 2867 1142 2947 serendi,
1171 2892 1269 2955 poma

146 2971 321 3052 inserendi,
344 2969 431 3038 oleas
445 2969 603 3038 tractandi
620 2969 671 3036 ius
686 2967 777 3035 dabit
789 2966 972 3052 adflatuque
985 2967 1158 3035 nutricium
1173 2990 1266 3035 exer·

148 3181 220 3229 codd.
232 3178 346 3230 Barbari.
370 3179 394 3227 io
406 3173 504 3240 (1333333,
516 3194 540 3228 a.
564 3176 699 3240 indecoris,
711 3179 735 3227 d.
753 3216 785 3227 ...
809 3192 833 3233 a,
847 3191 897 3226 om.
911 3193 933 3227 3.
953 3217 984 3227 -
1004 3176 1153 3228 dextram
1165 3177 1265 3243 1333333,

148 3263 171 3297 3.
189 3244 275 3295 dextra
286 3262 316 3295 ne
328 3245 403 3306 aaa,
415 3248 440 3296 d.
461 3244 571 3295 dabam
583 3244 729 3308 1333333333,
740 3238 791 3308 fir..
810 3284 841 3294 -
860 3241 993 3307 desendet,
1004 3260 1028 3295 a

181 3316 265 3377 §382
287 3311 358 3364 omni
364 3328 418 3376 per,
430 3315 454 3363 d.
473 3352 505 3363 ..
523 3328 623 3375 quoquo,
634 3327 658 3362 3
675 3350 709 3362 ..
726 3311 876 3371 masam,
887 3312 921 3361 D.

181 3383 267 3444 §³³³-
293 3378 354 3428 r'dem
370 3387 411 3440 est,
428 3381 473 3430 ad.
500 3387 534 3428 ert
549 3377 618 3440 idern,
633 3375 684 3444 βγ.
702 3418 734 3428 ..
763 3376 993 3443 immutanda
1020 3377 1084 3428 liaeo
1099 3387 1214 3444 napata
1233 3422 1265 3432 .-

147 3446 332 3512 septentrioacm,
344 3448 389 3497 ad.
409 3486 439 3495 ..
459 3447 553 3507 borean,
565 3448 609 3496 ad.
628 3445 730 3506 boream,
741 3440 792 3508 βγ.

181 3516 266 3579 ξ334,
285 3512 409 3577 perdita
428 3510 628 3578 praepelot‚Td.
647 3552 679 3561 ..
697 3510 909 3573 radiatauad.
928 3551 960 3562 ..
977 3510 1163 3576 Raeds’ctom.
1186 3514 1266 3566 Proe-

148 3579 231 3640 dictus,
244 3583 296 3630 To.
313 3579 486 3642 Praemom'taa
498 3582 531 3632 Κ.
549 3621 581 3631 ..
600 3579 701 3642 caleias,
714 3580 738 3629 d.
757 3577 856 3640 alana
867 3595 891 3630 3

181 3652 266 3712 §³85.
288 3648 423 3712 quispam,
435 3651 459 3699 d.
482 3646 639 3711 qaodspsam,
651 3662 674 3698 a.
692 3687 724 3696 ..
743 3644 864 3708 reddita.
886 3643 1064 3707 reddasque
1083 3688 1115 3698 ...
1133 3650 1266 3699 watrarriu

148 3715 194 3775 lie,
211 3732 257 3764 aon
272 3714 353 3778 aquilo
364 3714 397 3766 A.
402 3715 443 3778 fl,
459 3717 526 3766 Pint.
545 3756 576 3765 ..
601 3715 686 3774 amem,
698 3714 750 3766 Td.
769 3755 801 3764 ..
825 3711 928 3762 moditor
938 3712 1023 3776 adare,
1040 3717 1094 3766 Td.
1119 3714 1224 3766 mollitio
1233 3716 1266 3766 si·

149 3781 228 3852 deren,
240 3799 263 3832 a
281 3781 455 3843 mollitsidera,
466 3778 496 3843 β.
514 3823 545 3833 -
564 3782 649 3831 etesias
661 3783 754 3833 omisso
767 3789 797 3843 et,
808 3783 853 3831 ad.
872 3823 902 3830 -
921 3797 959 3842 oc,
971 3784 994 3832 d.
1013 3790 1047 3839 ot,
1058 3783 1112 3833 Ka
1130 3781 1171 3844 od,
1183 3784 1214 3834 Τ.
1232 3824 1264 3834 ...

94 3858 101 3867 “
148 3865 301 3914 quacumque,
318 3853 342 3901 d.
368 3865 517 3913 quecumque,
532 3851 564 3900 T.
591 3849 736 3914 quecumque,
754 3863 777 3898 a.
796 3889 826 3899 -
851 3847 1010 3912 pantaneia,
1026 3867 1050 3901 3.
1067 3887 1099 3900 ..
1126 3857 1266 3918 estsepten·

149 3926 202 3977 mo,
214 3919 267 3967 Td.

149 3988 197 4100 ad§
210 3989 268 4035 8³6.
289 3982 414 4047 Apulam,
426 3985 472 4033 ad.
489 4025 521 4035 ..
539 3991 565 4033 at
575 3983 610 4032 sie
621 3991 708 4033 matres
719 3983 835 4047 ineantur,
846 3985 879 4035 K.
899 4024 930 4033 ..
945 3982 1030 4047 flava),
1042 4001 1065 4034 a.
1084 4024 1115 4034 -
1134 4000 1151 4033 a
1161 3984 1231 4048 roim,
1242 4002 1266 4037 3.

194 4051 286 4112 coitum,
299 4052 323 4101 d.

183 4122 269 4182 §387.
287 4117 398 4176 dirimas,
410 4119 446 4168 a¹.
464 4158 496 4168 ..
515 4133 533 4166 o
547 4114 654 4178 Graecia
665 4119 718 4169 To.
737 4158 769 4167 -
786 4115 926 4182 aphelioten,
938 4119 969 4171 Τ.
990 4116 1124 4182 aphelioten,
1135 4134 1158 4170 3
1177 4161 1209 4170 ..
1218 4122 1267 4185 sa-

149 4185 230 4246 verrio,
247 4202 267 4235 r.
291 4225 322 4235 ..
348 4201 365 4233 a
384 4183 495 4245 Graeca,
512 4184 565 4234 Τό.
588 4224 620 4234 ..
649 4180 708 4234 Coto
725 4186 757 4235 de
773 4200 800 4236 re
816 4193 877 4236 rust.
896 4192 920 4250 6,
937 4191 960 4236 2.
978 4185 1037 4237 coll.
1054 4187 1121 4239 Plin.
1137 4196 1190 4239 nat.
1208 4190 1267 4241 hist

151 4258 190 4314 rs,
203 4255 244 4303 21.
