2896 4792
428 303 497 350 arn.
512 304 586 350 xrx.
616 301 694 349 cnr.
710 302 762 348 111.
792 301 890 348 sacr.
909 305 937 347 a.
954 305 983 345 ra.
1199 287 1260 351 245

137 456 250 543 primis
278 439 391 521 diebus
419 465 597 541 purgante3
627 455 705 519 vitia
732 453 781 519 his
810 452 968 520 omnibus.
1004 450 1110 519 Sucus
1136 453 1262 519 duobus

137 559 241 623 modis
263 554 459 644 capiebatur,
483 580 502 621 e
523 555 631 620 radice
653 568 748 640 atque
771 556 872 621 caule.
906 554 951 619 Et
978 553 1058 620 haec
1085 556 1263 621 ducerent

136 659 277 735 uomina,
300 656 419 722 rhizias
440 668 538 741 atqua
559 657 680 723 caulias
702 657 794 722 vilior
814 653 868 723 illo
882 680 921 723 ac
936 666 1138 741 putrescens3
1161 656 1262 722 radici

136 770 246 827 cortex
266 760 361 845 niger
381 759 422 822 ad
441 758 559 823 mercis
581 758 747 824 adulteria
773 756 896 824 Sucum
916 759 1023 845 ipsum
1044 758 1079 823 in
1095 781 1173 824 vasa
1186 780 1262 824 con·
1276 775 1309 820 44

136 863 256 927 ieetum
278 861 420 927 admixto
441 861 566 926 furfure
589 860 726 926 subinde
748 860 960 926 concutiendo
985 860 1026 924 ad
1048 861 1264 927 maturitatem

137 961 374 1048 perducebant,
407 961 441 1026 ni
468 962 514 1027 ita
544 962 712 1038 fecissent,
742 970 988 1047 putrescentem.
1025 961 1264 1048 Argumentum

136 1075 205 1129 erat
225 1064 417 1129 maturitatis
440 1064 525 1128 colos
548 1062 741 1148 siccitasque
769 1063 887 1128 sudore
908 1063 1008 1127 finito.
1041 1062 1110 1128 Alii
1133 1063 1264 1129 tradunt

136 1165 282 1251 laserpici
304 1164 443 1230 radicem
465 1164 565 1228 fuisse
587 1164 737 1229 maiorem
759 1162 890 1229 cubitali
916 1162 1071 1248 tuberque
1093 1164 1126 1228 in
1148 1187 1187 1231 ea
1208 1187 1268 1231 su*

137 1289 196 1352 pra
223 1277 356 1342 terram3
389 1265 450 1331 hoo
470 1265 580 1331 ‚inciso
608 1264 765 1350 profluere
794 1266 922 1331 solitum
945 1289 1057 1331 sucum
1080 1288 1140 1332 ceu
1161 1265 1263 1345 lactis,
1277 1281 1309 1326 45

97 1364 103 1383 ⁸
137 1379 308 1454 supernato
336 1368 428 1433 caule
457 1389 552 1450 quem
574 1366 776 1452 magydarim
798 1378 971 1442 vocarunt3
1000 1367 1076 1433 folia
1097 1367 1186 1432 aurei
1207 1390 1263 1433 co-

136 1469 211 1534 loris
232 1492 291 1554 pro
313 1469 434 1535 semine
456 1469 568 1546 fuisse,
592 1466 741 1532 cadentia
763 1490 783 1532 a
805 1467 893 1532 canis
915 1477 997 1546 ortu,
1022 1477 1130 1533 austro
1149 1469 1246 1534 flante
1253 1492 1262 1544 3

136 1592 178 1634 ex
199 1570 249 1635 his
270 1571 475 1656 laserpicium
497 1569 587 1634 nasci
610 1569 757 1645 solitum,
786 1592 892 1634 annuo
922 1568 1026 1655 spatio
1049 1579 1082 1633 et
1103 1569 1210 1634 radice
1232 1582 1264 1637 st

136 1673 226 1737 caule
249 1670 543 1737 consummantibus
566 1693 647 1736 sese.
670 1669 717 1734 Hi
739 1682 771 1735 et
793 1669 979 1735 circumfodi
1003 1669 1130 1734 solitum
1153 1671 1262 1756 prodi-

137 1773 213 1838 dere
234 1795 293 1838 nec
315 1773 448 1860 purgari
470 1794 587 1859 pecora
608 1772 665 1836 sed
686 1794 785 1858 aegra
808 1771 913 1836 sanari
935 1780 992 1834 aut
1007 1770 1155 1856 protinus
1171 1771 1262 1848 mori,

134 1874 222 1959 quod
244 1874 277 1939 in
293 1875 403 1960 paucis
425 1874 582 1940 accidere.
603 1873 736 1939 Persico
752 1873 867 1960 silphio
880 1873 970 1959 prior
983 1872 1091 1958 opinio
1106 1873 1262 1960 congruit.

180 1978 229 2042 16.
253 1977 400 2042 Alterum
424 1998 527 2063 genus
550 1975 619 2041 eius
641 1975 797 2059 estquod
821 1976 984 2060 μαγύδαρις
1005 1984 1147 2053 vocatur,
1171 1985 1261 2040 tene·
1276 1989 1308 2035 46

135 2079 203 2144 rius
224 2090 256 2144 et
276 2078 383 2144 minus
405 2079 591 2154 vehemens,
619 2076 688 2142 sine
711 2099 804 2154 suco,
832 2076 921 2161 quod
943 2075 1028 2141 circa
1051 2074 1181 2161 Syriam
1203 2099 1260 2141 na·

136 2179 252 2260 scitur,
275 2202 339 2245 non
360 2178 551 2266 proveniens
572 2178 606 2242 in
630 2175 812 2264 Cyrenaica
832 2179 980 2265 regione-3
1008 2178 1153 2265 gignitur
1175 2187 1207 2243 et
1227 2176 1262 2241 in

135 2280 279 2346 Parnaso
301 2291 409 2345 monte
432 2280 597 2365 copiosum
617 2280 705 2364 quod
725 2279 930 2366 laserpicium
950 2291 1076 2357 vocant,
1098 2302 1157 2366 per
1177 2301 1261 2363 quae
1339 2358 1343 2362 .
1422 2280 1433 2304 ⁸

130 2383 240 2448 omnia
261 2383 458 2446 adulteratur
481 2381 527 2446 rei
547 2379 775 2446 saluberrimae
801 2382 1053 2466 utilissimaeque
1078 2380 1261 2446 auctoritas.

134 2482 287 2548 Probatio
310 2481 426 2546 sinceri
448 2481 552 2566 prima
573 2481 606 2544 in
629 2480 732 2546 colore
754 2483 878 2548 modice
899 2483 972 2548 rufo
994 2493 1042 2560 et,
1071 2504 1144 2549 eum
1172 2483 1260 2547 fran-

135 2659 199 2716 bont‚
212 2672 232 2705 c.
252 2698 282 2705 ..
302 2654 385 2717 Aeque
396 2653 441 2702 duo
453 2661 530 2714 aaut,
542 2654 609 2703 Pint.
630 2695 659 2703 ..
679 2653 797 2714 ariarico,
810 2657 833 2704 cl.
857 2655 959 2718 opirius,
972 2655 1069 2720 Appul.
1088 2654 1134 2702 rim
1146 2653 1206 2714 aias,
1218 2668 1260 2704 sc.

136 2766 167 2773 -
186 2723 235 2780 illo,
250 2717 363 2774 OTacd
379 2719 486 2785 (Rigalt.
500 2730 525 2770 et
536 2723 637 2772 Thnan.
650 2737 690 2784 ap.
703 2720 825 2784 Salmas.)
848 2721 896 2784 itte,
914 2723 1010 2786 Appul.
1022 2718 1051 2784 β.
1070 2763 1101 2771 -
1126 2719 1261 2782 radicare
1289 2748 1293 2758 ·
1323 2775 1325 2780 ,

128 2787 259 2856 (Appul.)
285 2789 375 2849 radice,
388 2793 412 2840 d.
432 2831 462 2839 -
488 2787 756 2850 admercisadalterio‚
775 2792 837 2839 scd.
865 2787 910 2838 lac
922 2787 1150 2848 mercesodalteria
1164 2789 1260 2854 Appul.
1350 2800 1353 2805 '

134 2858 208 2907 etad
222 2858 306 2907 mercia
322 2856 451 2918 adulteria,
463 2853 491 2919 β.
515 2856 634 2907 Ceterum
651 2857 714 2906 haec
730 2858 807 2906 verba
823 2860 855 2908 ad
867 2860 1000 2923 sequentia
1011 2858 1123 2908 referunt
1133 2852 1189 2921 βγ,
1212 2872 1261 2908 uos

134 2928 265 2977 retulimus
277 2928 310 2976 ad
321 2927 459 2990 superiora,
476 2925 511 2974 ita
523 2932 552 2974 ut
563 2939 631 2974 nova
642 2925 783 2974 enuntiatio
795 2925 900 2990 incipiat
910 2942 927 2976 a
937 2941 961 2975 v.
975 2925 1072 2986 Secum,
1083 2927 1162 2975 secuti
1174 2925 1261 2976 Thoo-

135 2996 267 3059 phrastum
280 2995 339 3043 hist.
351 2995 431 3057 plant.
444 2992 492 3042 VI.
504 2999 530 3053 8,
540 2998 571 3052 2.,
589 3008 668 3056 aquo
681 2992 746 3042 haec
759 2994 845 3042 omnia
861 2994 969 3057 sumpsit
979 2994 1056 3056 Plin,
1068 2993 1133 3044 nihil
1146 2995 1176 3043 de
1188 2994 1260 3045 adul·

135 3064 239 3112 terenda
249 3077 332 3111 merce
346 3063 371 3110 h.
383 3063 401 3110 l.
415 3062 521 3110 dicente.

169 3144 236 3205 544.
255 3145 280 3193 in
292 3161 359 3204 vasa,
372 3147 415 3194 ad.
439 3144 463 3193 in
475 3160 526 3206 vas,
539 3145 634 3208 Appul.
648 3144 705 3195 Om.
718 3159 740 3194 c.
763 3141 807 3203 εἰς
818 3141 928 3210 ἀγγεῖα,
942 3147 1074 3210 Theophr.
1094 3185 1125 3194 ..
1143 3144 1261 3204 coiectum,

134 3212 232 3275 Appul.
252 3253 283 3261 -
309 3211 464 3271 maturitatis,
481 3214 505 3261 d.
532 3211 678 3272 maturitate,
694 3227 718 3260 a.
744 3213 912 3275 mamritatem,
929 3229 950 3263 c.
970 3255 1001 3263 ..
1028 3212 1098 3272 color,
1117 3204 1163 3262 0c.
1190 3211 1261 3275 color,

135 3275 226 3342 adssr.
245 3320 276 3327 -
306 3279 422 3341 tuberque,
439 3294 470 3328 a..
489 3278 603 3341 tetrique,
621 3295 642 3327 c.
671 3280 809 3343 tubertiqae,
827 3282 843 3329 d
861 3278 975 3342 (Thuan.
994 3297 1034 3345 ap.
1053 3281 1161 3332 Salmas.
1178 3295 1259 3331 exerc.

135 3362 159 3409 p.
174 3351 230 3395 253.
244 3360 267 3394 a.
280 3344 317 3406 0.,
330 3347 372 3410 qni
386 3347 452 3394 taber
464 3343 547 3409 edique
559 3345 683 3408 coniicit).
702 3388 733 3396 -
751 3364 833 3411 aspra,
846 3343 966 3399 OTacd.
983 3365 1061 3412 saper,
1073 3343 1102 3409 β.

169 3442 237 3502 §ta
262 3446 396 3502 supernato,
410 3429 454 3488 aci
479 3447 614 3503 asprenate,
627 3441 651 3488 d.
678 3448 826 3502 superstrato,
838 3435 889 3505 βγ.
916 3439 1259 3504 supercrescentem.-

134 3505 295 3570 magydarim,
307 3508 332 3556 d.
357 3506 546 3570 magisteriae„
570 3504 761 3570 magidoremffi.
780 3548 811 3557 ..
835 3516 927 3569 vocant,
939 3509 971 3559 T.
993 3547 1021 3557 ..
1040 3508 1253 3557 consummantibus

134 3575 266 3637 Theophr.
285 3575 345 3626 hist.
362 3577 443 3638 plant.
455 3575 503 3626 VI.
516 3581 540 3636 8,
554 3583 577 3625 4.
601 3572 640 3640 τῷ
656 3571 731 3638 αὐτῷ
746 3571 778 3624 δὲ
796 3569 852 3623 ἔτει
870 3573 916 3642 τήν
934 3591 963 3624 τε
979 3573 1057 3641 ῥίζαν
1074 3574 1199 3640 γίνεσθαι
1215 3545 1260 3624 rai

135 3637 181 3689 τὸν
194 3637 300 3690 καυλόν.
328 3642 522 3699 consumentibus.
538 3636 627 3694 daed.
647 3683 678 3692 ..
701 3641 747 3703 Hi,
759 3658 800 3692 ac.
827 3642 885 3704 His,
898 3645 921 3693 d.
948 3638 1072 3708 Ηοο,βγ.
1092 3684 1123 3694 ..
1145 3640 1261 3703 accidas,

135 3724 176 3758 ac.
195 3708 318 3770 micare,
331 3712 383 3761 Td.
401 3709 499 3771 occidit,
511 3712 544 3761 K.
564 3751 595 3760 -
612 3709 737 3774 posterior,
749 3711 837 3760 Dalec.

169 3799 183 3860 §
196 3805 236 3850 46.
254 3817 327 3865 qenes
339 3801 397 3863 eiua,
413 3795 503 3853 Oacd.
527 3801 577 3851 eius
587 3818 669 3867 penca,
681 3803 778 3867 Appul.
799 3819 880 3868 qenes,
891 3800 920 3865 β.
939 3847 971 3855 -
988 3800 1152 3869 μαγύδαρις,
1165 3804 1202 3852 ita
1213 3818 1261 3855 nos

135 3869 280 3996 “ll-”¹¹¹⁸
300 3871 551 3998 istaut·
568 3871 586 3920 ¹·
604 3870 734 3987 Vitat
750 3865 1101 3991 ,liiiditb‘ltll‘
1130 3868 1261 3988 aaa

134 3951 169 4052 dc
180 3951 316 4066 Pedias—ao,
329 4000 418 4069 cestr.
432 3953 559 4068 fervidae,
571 3979 669 4070 b-ppul.
689 4047 720 4056 ..
731 3975 870 4070 ’copidaam
883 3955 1261 4072 Tdr'(Aipu12)-copioso‚ars

134 4070 258 4133 copiosius,
271 4067 321 4135 βγ.
343 4114 372 4122 ,
392 4069 457 4135 qaod
467 4071 619 4136 &respiciam
632 4082 724 4134 vocant,
737 4075 837 4139 Appul.
859 4074 1000 4138 quibasdam
1014 4024 1162 4137 dbserpitim
1175 4089 1261 4124 woan-

135 4136 209 4216 tibus,
225 4135 340 4204 acdflr.
365 4181 395 4190 ..
420 4155 466 4202 per
481 4138 545 4202 qaod
560 4139 666 4203 omnino,
683 4143 716 4191 Κ.
740 4183 771 4191 -
797 4141 970 4192 saluberrimae
984 4141 1177 4204 aatasmaeque,
1196 4143 1260 4192 aod.

134 4203 283 4268 rainelmus,
296 4207 392 4272 Appul.
412 4248 442 4257 ..
466 4207 590 4268 Probotio,
602 4209 627 4258 d.
650 4206 829 4273 Sdprobotia
841 4210 937 4275 Appul.
959 4209 1066 4270 retias.
1087 4208 1176 4273 precio,
1188 4224 1209 4260 o.
1230 4250 1260 4261 ..

134 4287 185 4320 cam
190 4272 334 4339 frangatur,
347 4269 369 4324 θ
381 4272 505 4340 (Appul.)
523 4273 703 4340 confroopotar,
715 4291 736 4326 c.
755 4292 806 4327 mm
811 4276 948 4342 franciae,
960 4272 1056 4344 adssr.
