2896 4792
302 266 372 312 ars.
387 263 461 310 xvr.
491 261 569 308 car.
583 261 869 308 xxxrv-xxxvr.
898 258 997 307 sacr.
1012 260 1095 303 eam.
1214 243 1254 305 41

139 436 253 480 acuum
272 412 394 479 reddat.
423 410 575 478 Hederae
596 410 678 475 mira
698 410 842 496 proditur
862 419 976 473 natura
997 407 1039 472 ad
1061 407 1256 493 experienda

138 515 229 593 vina,
260 514 288 578 si
308 535 366 579 rae
386 513 443 579 fiat
464 535 482 578 e
502 512 591 599 ligno
609 512 697 588 eius,
725 511 800 575 vina
827 509 1013 575 transfluere
1035 531 1072 573 ac
1093 529 1257 573 remanere

138 637 266 700 aquam,
288 614 315 679 si
336 635 401 698 qua
420 613 519 678 fuerit
538 612 648 677 mixta.

180 713 352 780 XXXVI.
376 715 426 779 64.
451 713 543 777 Inter
564 735 603 778 ea
623 734 708 796 quae
728 711 855 797 frigidis
876 710 1019 797 gaudent
1039 720 1071 775 et
1093 709 1258 793 aquaticos
1272 723 1320 769 ree

139 815 271 880 frutices
292 813 413 879 dixisse
434 813 612 879 conveniat.
644 811 868 897 Principatum
894 811 929 874 in
951 810 1001 874 his
1023 809 1176 876 tenebunt
1197 809 1256 874 ha-

138 915 293 980 rundines
314 912 389 979 belli
410 912 566 997 pacisque
588 910 816 998 experimentis
837 909 1036 976 necessariae
1051 920 1148 993 atque
1162 909 1258 974 etiam

140 1015 262 1080 deliciis
295 1024 417 1101 gratae.
461 1013 586 1100 Tegulo
614 1034 723 1077 earum
750 1011 864 1076 domus
893 1032 968 1076 suas
994 1010 1258 1097 septentrionales

138 1116 251 1202 populi
272 1114 420 1199 operiunt
441 1113 621 1197 durantque
642 1112 731 1178 aevis
746 1122 829 1176 tacta
843 1113 923 1187 alta3
947 1122 979 1176 et
992 1112 1027 1177 in
1039 1111 1163 1195 reliquo
1182 1133 1259 1176 vero

139 1215 217 1280 orbe
239 1224 270 1280 et
294 1236 439 1280 camaras
464 1213 624 1279 levissime
652 1213 862 1300 suspendunt.
896 1211 1087 1297 chartisque
1115 1212 1320 1278 serviuntur

140 1315 269 1393 calend,
295 1315 452 1403 Aegyptii
479 1336 628 1380 maxume
650 1314 839 1400 cognatione
862 1314 999 1397 quadam
1021 1315 1154 1401 papyri3
1182 1335 1260 1398 pro-

139 1416 278 1481 batiores
300 1426 407 1481 tamen
429 1414 538 1481 Cnidii
560 1426 592 1480 et
613 1417 669 1499 qui
689 1417 724 1479 in
745 1415 826 1480 Asia
847 1415 931 1481 circa
945 1415 1133 1480 Anaiticum
1154 1415 1260 1479 lacum

140 1528 326 1581 nascuntur.
362 1515 567 1588 Nostratibus
594 1517 761 1604 fungosior
782 1516 893 1581 subest
913 1526 1045 1594 natura,
1074 1515 1260 1601 cartilagine
1274 1525 1322 1573 ¹⁶8

138 1615 249 1682 bibula
271 1630 354 1701 quae
374 1639 454 1684 caro
474 1640 608 1703 corpore
621 1618 717 1696 intus,
741 1638 881 1701 superne
896 1618 983 1682 tenui
995 1617 1148 1681 inarescit
1161 1616 1260 1702 ligno,

138 1716 248 1782 fissilis
275 1729 447 1804 praeacuta
473 1740 601 1803 semper
628 1719 697 1783 acie
704 1742 713 1794 3
746 1718 929 1807 geniculata
961 1728 1067 1784 cetero
1099 1716 1261 1802 gracilitas

139 1816 297 1901 nodisque
318 1818 470 1884 distincta
489 1819 554 1884 leni
574 1819 705 1907 fastigio
733 1830 884 1885 tenuatur
908 1818 942 1882 in
969 1819 1147 1895 eacumina,
1175 1837 1261 1882 crae-

140 1917 224 1983 eicre
245 1919 413 2003 paniculae
435 1941 541 1997 coma,
564 1942 669 2004 neque
689 1920 751 1985 hac
773 1941 990 2006 supervacua3
1020 1929 1076 1983 aut
1097 1918 1181 1983 enim
1201 1938 1262 2003 pro

138 2019 250 2102 pluma
271 2028 370 2085 strata
392 2042 609 2106 cauponarum
630 2022 733 2108 replet
753 2031 826 2099 eut,
848 2020 904 2086 ubi
924 2020 1097 2108 lignosiore
1117 2017 1263 2083 induruit

111 2158 114 2163 ·
140 2119 232 2197 callo,
255 2118 338 2185 sicut
359 2120 393 2185 in
406 2120 530 2209 Belgis,
554 2132 709 2187 contunsa
730 2132 762 2187 et
781 2122 950 2186 interiecta
971 2120 1102 2185 navium
1123 2119 1262 2185 conmis-

141 2221 225 2285 suris
252 2222 423 2287 feruminat
449 2233 569 2300 textus,
598 2223 724 2310 glutino
752 2223 893 2288 tenacior
919 2221 1072 2306 rimisque
1094 2220 1262 2306 explendis
1316 2250 1319 2255 ·

139 2318 264 2384 fidelior
285 2321 367 2407 pice.

184 2421 235 2487 65.
265 2419 406 2497 Calamis
427 2423 560 2488 orientis
580 2423 692 2509 populi
714 2422 796 2489 bella
818 2424 1007 2503 conficiunt,
1035 2424 1165 2488 calamis
1194 2422 1325 2507 spi-1⁶⁹
1367 2444 1370 2476 2

142 2521 214 2585 cula
247 2522 370 2587 addunt
401 2523 611 2589 inrevocabili
642 2524 736 2589 hamo
764 2525 870 2588 noxia.
913 2524 1055 2590 Mortem
1080 2524 1264 2589 adcelerant

141 2620 240 2707 pinna
265 2623 376 2688 addita
401 2624 548 2701 calamis,
580 2624 680 2708 fitque
711 2635 743 2689 st
772 2647 812 2689 ex
839 2626 911 2709 ipso
933 2626 1032 2689 telum
1053 2624 1140 2688 aliud
1160 2625 1262 2687 fracto

140 2721 175 2786 in
202 2723 396 2790 volneribus.
429 2724 492 2790 His
518 2724 615 2788 armis
638 2725 737 2790 solem
758 2725 865 2811 ipsum
886 2725 1087 2790 obumbrant
1122 2724 1264 2808 Propter

141 2822 202 2887 hcc
222 2845 375 2890 maxume
403 2847 533 2891 serenos
560 2825 630 2890 dies
658 2834 787 2911 optant,
820 2826 918 2890 cdere
951 2835 1063 2890 ventos
1090 2835 1122 2891 et
1150 2823 1263 2888 imbris

141 2995 229 3044 lenum
240 2995 400 3047 reserandum
412 3001 542 3060 quomodo
555 3006 622 3048 recte
640 3000 727 3048 abessa
737 3000 825 3062 possit,
842 3015 893 3049 non
905 2999 1027 3062 intelligo.
1044 2997 1068 3046 ei
1082 2997 1142 3061 qud,
1154 2997 1186 3046 Κ.
1210 2997 1262 3046 Το-

141 3069 194 3112 tam
206 3063 348 3114 clausulam
360 3066 421 3113 aeut
431 3065 455 3113 in
463 3065 722 3128 poetae-coronantur
732 3076 761 3115 ut
773 3067 942 3116 adulterinam
952 3069 1019 3116 delet
1030 3067 1098 3116 Pint.
1117 3106 1148 3115 ..
1167 3080 1262 3112 emone-

142 3130 233 3255 tanbl'.
250 3139 427 3192 amonerentur,
438 3148 459 3181 r.
478 3172 510 3182 ...
528 3130 668 3182 cimilocaa
687 3172 719 3182 -
738 3131 819 3194 lenna,
834 3125 904 3183 θεά.
928 3132 1010 3195 leven,
1026 3129 1056 3193 β.
1074 3173 1106 3182 ..
1125 3149 1144 3192 a,
1163 3123 1262 3181 Orac.

141 3211 178 3256 aa,
213 3230 219 3244 .

175 3264 191 3325 5
205 3269 260 3313 156.
277 3262 430 3328 Intaranum,
442 3267 475 3316 Κ.
486 3305 519 3314 ..
530 3264 674 3330 gaudenter,
684 3268 708 3315 d.
725 3264 862 3329 gaudentes,
871 3283 894 3316 a
911 3265 1023 3330 pandent,
1032 3268 1065 3317 Κ.
1078 3306 1109 3316 ..
1123 3263 1200 3314 dicare
1208 3281 1262 3313 coa·

141 3327 212 3390 verrit,
224 3345 244 3379 r.
262 3370 294 3380 ...
312 3332 390 3391 atiena
403 3347 454 3382 om.
466 3333 498 3381 K.
517 3372 548 3382 -
567 3331 640 3393 aava,
653 3336 690 3382 ad
702 3332 789 3394 (codd.
801 3330 872 3393 Gal.)
890 3333 947 3393 aias,
959 3350 979 3383 r.
993 3373 1024 3383 ..
1042 3332 1095 3381 alta
1107 3340 1175 3392 tecta,
1187 3348 1207 3381 r.
1224 3333 1263 3383 At

141 3410 224 3459 neque
240 3398 305 3446 haec
316 3413 398 3462 neque
410 3401 514 3463 vulgata
525 3400 647 3463 scriptura
658 3410 747 3463 aptum
758 3414 858 3451 sensum
867 3402 977 3465 praebet.
994 3402 1144 3463 Legeudum
1155 3406 1193 3449 est
1202 3405 1263 3447 tecm

142 3460 210 3523 lelio,
226 3467 294 3515 uude
310 3468 380 3528 quod
395 3467 473 3529 vulgo
490 3467 582 3529 legitur
596 3467 719 3517 facillime
735 3469 794 3516 oriri
815 3469 907 3531 potuit
937 3468 1056 3517 Altitudo
1077 3474 1202 3517 tactorum
1219 3467 1263 3514 hic

140 3543 194 3578 non
210 3530 294 3580 refert.
312 3572 344 3583 ..
367 3539 397 3593 ct,
414 3534 458 3582 ad.
482 3533 584 3585 Om.K.
609 3573 640 3582 -
668 3541 820 3595 alcandrae,
832 3536 884 3584 Ta
909 3529 1108 3599 cummoadssr.
1135 3541 1158 3582 et
1174 3531 1262 3581 eamin

141 3610 257 3657 wmarus,
269 3599 303 3648 Κ.

174 3664 260 3725 5157.
282 3663 438 3728 raraeque,
450 3669 494 3716 ad.
507 3706 539 3715 ...
550 3665 671 3731 Aegyptii,
684 3668 708 3716 d.
726 3666 836 3731 Aegypti,
851 3660 917 3718 Gar.
930 3709 961 3717 -
978 3666 1070 3727 (inicii,
1082 3672 1106 3718 d.
1127 3664 1209 3725 cnidi,
1221 3679 1261 3712 ar.

141 3766 174 3778 ..
190 3728 338 3792 Anoiticam
350 3734 455 3783 Barbar.
473 3732 621 3792 Anaeticum,
633 3735 713 3784 altera
723 3735 831 3784 Barbari
842 3737 992 3793 coniectura,
1004 3752 1027 3785 a.
1045 3728 1200 3793 mentuale.

175 3798 260 3860 5158.
285 3798 422 3861 peniculum
438 3807 513 3848 cerem
528 3798 662 3863 gracilitas,
679 3801 787 3852 Salmas.
805 3816 887 3851 exerc.
903 3818 928 3865 p.
946 3808 1002 3852 911.
1019 3803 1043 3851 b.
1060 3802 1093 3850 A.
1118 3795 1261 3863 geniculata.

144 3859 224 3911 Getam
235 3863 369 3927 gracilitas,
382 3861 473 3928 adssr.
493 3905 525 3915 ..
542 3865 661 3930 aedesque,
677 3860 727 3917 Oa.
751 3866 826 3928 noda,
839 3865 912 3932 dfir.
931 3908 962 3918 ..
985 3867 1039 3930 leni,
1055 3863 1125 3916 Oad.
1150 3858 1261 3924 loevass.

140 3969 172 3980 ..
188 3946 243 3992 pro,
257 3947 307 3981 om.
321 3949 344 3982 a.
363 3973 394 3982 ..
411 3933 541 3994 subarata,
554 3935 585 3983 T.
605 3973 636 3983 ..
659 3933 794 3997 replerant,
807 3938 831 3985 d.
850 3976 880 3984 ..
903 3934 923 3983 li
954 3935 1113 3995 osiooe‚Pint
1138 3929 1261 3991 limo-tiore,

78 4035 79 4039 ,
140 3992 213 4074 adst..
224 4037 256 4046 ..
275 3996 382 4047 induruit
392 3998 462 4059 colb,
474 4002 518 4049 ad.
536 3998 598 4049 colb
609 3999 723 4063 indaraat,
734 3998 785 4065 βγ.
803 4017 872 4051 coeno
884 3951 996 4062 adcurrit,
1007 4003 1040 4051 K
1054 4039 1085 4049 ..
1105 3995 1178 4058 tellis,
1191 3999 1215 4047 (¹-
1228 4038 1259 4048 ·-

137 4079 276 4127 premiaque,
288 4081 311 4114 a

173 4129 190 4190 ξ
205 4137 262 4182 159.
288 4132 365 4194 aazia
377 4149 401 4183 a.
418 4133 494 4193 acaia,
506 4137 530 4184 d.
550 4175 581 4183 -
600 4134 732 4184 acoelaram
743 4136 822 4196 etiem,
835 4151 854 4184 r.
872 4174 902 4183 -
919 4134 1002 4196 pinna,
1015 4133 1056 4181 dr.
1072 4147 1194 4195 perarma
1212 4136 1261 4184 Ar·

140 4205 246 4258 rutam
256 4197 396 4261 Dounon,
409 4198 450 4249 dra
464 4198 591 4265 Syacoym.
604 4207 628 4262 5,
641 4207 689 4252 205
702 4217 754 4265 seq.
777 4243 808 4251 -
836 4209 866 4261 et,
877 4217 928 4250 om.
941 4201 965 4248 d.
983 4236 1013 4248 ..
1033 4198 1162 4262 obumbrat,
1174 4202 1218 4250 ad.
