2896 4792
197 290 262 356 314
552 302 755 350 urrunsnrs
778 303 972 351 mercaris

196 459 262 525 oris
294 458 403 523 ulcera
435 465 468 520 et
494 451 638 519 tonsillas
671 453 893 519 manducatam
922 464 955 518 et
980 464 1101 518 coctam
1137 475 1213 519 suco
1240 476 1320 539 gar-
1336 479 1369 523 os

197 557 343 645 gar-irato
375 577 448 623 cum
481 555 574 622 melle
603 555 729 633 tollere,
761 554 839 619 item
867 575 980 640 psoras
1002 565 1033 619 et
1053 556 1161 643 lepras
1183 567 1320 634 veteres,

196 660 300 746 ipsius
333 658 435 723 tribus
468 655 618 743 partibus
650 678 724 722 oum
750 653 877 721 duabus
905 655 1054 721 aluminis
1082 655 1116 718 in
1138 668 1230 721 aceto
1250 656 1322 721 aeri

114 800 118 807 ·
196 761 304 827 inlitis.
327 759 541 847 Epicharmus
564 756 643 822 satis
661 778 732 822 esse
755 776 826 822 eam
846 767 960 822 contra
981 757 1069 822 canis
1090 756 1210 821 rabiosi
1232 780 1320 822 mor-

197 886 269 931 sum
290 861 413 947 inponi,
435 860 550 925 melius
571 858 600 923 si
620 879 695 923 eum
715 857 818 923 lasere
840 867 874 922 et
895 869 986 923 aceto
1006 858 1091 936 acri3
1114 859 1223 923 necari
1237 880 1321 942 quo-

196 986 261 1049 que
287 984 389 1028 canes
407 983 447 1026 ea
473 960 500 1026 si
521 959 617 1025 detur
644 980 685 1024 ex
706 979 812 1025 carne.
852 955 973 1024 Samen
994 959 1064 1028 eius
1086 968 1205 1023 tostum
1226 959 1321 1023 auxi·

197 1065 295 1132 liatur
316 1072 428 1128 contra
450 1060 620 1145 serpentis,
643 1059 773 1147 fungos,
796 1059 880 1123 tauri
899 1059 1097 1146 sanguinem.
1119 1057 1214 1123 Folia
1229 1069 1322 1124 cocta
1335 1081 1369 1126 es

198 1161 348 1252 splenicis
372 1163 407 1227 in
432 1162 506 1227 cibo
528 1159 604 1224 data
625 1170 658 1225 et
679 1160 780 1226 cruda
800 1159 891 1224 inlita
911 1181 985 1226 oum
1006 1160 1160 1246 sulphure
1181 1170 1215 1224 et
1233 1159 1322 1225 nitro

198 1276 348 1352 prosunt,
375 1264 454 1329 item
479 1283 690 1329 mammarum
716 1259 864 1326 duritiae.
900 1260 1059 1327 Redicum
1079 1261 1160 1326 cinis
1181 1283 1264 1326 uvae
1285 1262 1321 1324 in

197 1364 345 1433 faucibus
366 1363 501 1429 tumenti
524 1372 612 1428 tactu
632 1360 780 1428 medetur
801 1371 834 1427 et
854 1362 1022 1447 parotidas
1043 1384 1117 1428 cum
1136 1362 1229 1428 melle
1243 1361 1320 1426 iuli-

198 1479 252 1533 tns
283 1465 446 1552 reprimit,
480 1464 677 1550 serpentium
708 1484 835 1529 morsus
863 1474 965 1528 sanat
1001 1463 1128 1530 Virium
1156 1462 1321 1529 brassicae

196 1590 297 1636 unum
322 1577 357 1632 ct
384 1586 538 1649 magnum
564 1574 789 1652 argumentum
816 1565 974 1630 addemus
1001 1586 1040 1629 aa
1060 1561 1221 1628 mirabile:
1245 1584 1321 1629 cru·

197 1679 267 1735 stae
289 1666 317 1734 si
337 1675 496 1752 occupent
515 1665 605 1730 intus
626 1687 706 1730 vasa
727 1666 842 1742 omnia,
864 1665 898 1729 in
920 1664 991 1748 quis
1012 1686 1116 1748 aquae
1129 1665 1265 1741 fervent,
1287 1664 1323 1730 in

197 1779 322 1834 tanturn
343 1777 466 1832 utnon
487 1766 531 1831 sit
551 1765 689 1830 avellere
710 1786 776 1842 eas,
798 1765 827 1830 si
848 1765 991 1832 brassica
1010 1765 1046 1829 in
1058 1765 1099 1831 iis
1113 1765 1321 1849 decoquatur,

200 1868 388 1934 abscedunt

239 1969 293 2034 37.
320 1967 410 2033 Inter
438 1966 594 2032 silvestris
626 1966 786 2032 brassicas
814 1976 846 2033 et
870 1968 1004 2054 lapsana
1024 1979 1074 2033 est
1098 1967 1222 2054 pedalis
1249 1966 1322 2031 alti·
1336 1987 1372 2033 ae

197 2069 320 2147 tudine,
341 2067 476 2133 hirsutis
489 2066 587 2146 foliis,
610 2067 721 2154 sinapi¹
729 2068 852 2147 similis,
866 2069 931 2133 nisi
944 2070 1110 2135 candidior
1126 2081 1210 2134 esset
1223 2067 1321 2146 flore3

198 2169 347 2254 coquitur
367 2169 403 2233 in
424 2167 507 2247 cibo,
529 2168 634 2236 alvom
656 2169 737 2234 lenit
759 2181 791 2235 et
810 2169 923 2234 mollit.

239 2273 292 2337 38.
325 2267 457 2334 Marina
489 2268 633 2336 brassica
665 2269 944 2337 vehementissime
971 2295 1011 2337 ex
1040 2270 1188 2337 omnibus
1216 2270 1324 2334 alvom

180 2371 279 2452 ¹ciet3
307 2371 458 2456 coquitur
482 2382 617 2457 propter
643 2372 850 2438 acrimoniam
871 2394 945 2438 cum
971 2372 1085 2458 pingui
1114 2393 1225 2448 earne,
1253 2381 1323 2435 sto-

196 2473 312 2539 macho
332 2470 562 2538 inimieissima.

239 2576 291 2640 89.
322 2571 495 2639 Soillarum
514 2572 550 2639 in
570 2572 732 2638 medicina
752 2573 826 2638 alba
846 2584 897 2639 est
916 2595 999 2659 qnae
1020 2574 1201 2652 masculus,
1227 2571 1322 2639 femi·
1338 2593 1373 2640 ar

196 2698 258 2743 nse
278 2677 410 2765 nigrae3
439 2695 524 2759 quae
545 2673 773 2740 candidissima
796 2673 895 2740 fuerit
924 2674 1094 2741 utilissima
1125 2677 1196 2741 erit.
1233 2674 1325 2742 Huic

196 2776 296 2842 aridis
325 2776 441 2843 tunicis
471 2775 609 2862 direptis
633 2775 721 2858 quod
747 2775 883 2841 relicum
910 2799 929 2842 e
955 2777 1036 2842 vivo·
1056 2788 1107 2842 est
1137 2787 1324 2842 consectum

197 2878 405 2965 suspenditur
429 2876 495 2943 lino
521 2876 656 2942 modicis
681 2877 873 2955 intervallis3
906 2888 1022 2964 postea
1047 2879 1138 2943 arida
1163 2879 1268 2943 frusta
1289 2877 1325 2942 in

197 2979 313 3046 cadum
340 2977 424 3044 aceti
450 2998 549 3063 quam
575 2978 742 3064 asperrimi
769 2979 947 3064 pendentia
968 2980 1194 3068 inmerguntur
1213 2980 1260 3043 ita
1281 3000 1324 3044 ne
1352 3036 1357 3043 ,

232 3189 301 3250 §dt
326 3184 388 3246 iren,
405 3200 457 3237 om.
470 3189 494 3237 d.
513 3227 544 3237 ..
568 3203 598 3235 ea
612 3203 691 3248 carae,
708 3203 731 3238 a.
759 3186 784 3236 ia
799 3203 879 3248 carae,
896 3187 949 3237 Tu.
968 3227 999 3236 ..
1017 3187 1119 3252 scapos,
1141 3180 1241 3237 Orod.
1261 3187 1325 3248 faa-

197 3266 327 3319 poratnque
334 3268 432 3315 amena,
446 3256 520 3304 codd.
533 3255 590 3307 (iel.
602 3251 632 3317 β.
652 3296 683 3304 ..
700 3254 823 3320 sanquine,
835 3257 860 3305 d.

210 3404 213 3409 ¹
233 3349 302 3410 595.
323 3344 440 3409 spleaia‘s,
455 3340 555 3397 orsu.
578 3345 718 3411 spleneticrs,
730 3348 804 3398 codd.
817 3346 874 3398 Gel.
887 3341 916 3408 β.
936 3386 968 3396 ..
990 3362 1021 3395 aa
1031 3344 1147 3407 mirabile,
1159 3347 1196 3396 ita
1207 3361 1253 3395 nos
1265 3348 1327 3396 scri-

200 3415 303 3479 psimus
330 3410 479 3475 admirabile,
492 3430 514 3465 a
542 3413 763 3475 ammirabilem
790 3408 1002 3477 atmirabiiassr.
1029 3415 1129 3463 ababa
1142 3413 1273 3474 tilerias.
1294 3453 1327 3462 ..

199 3481 291 3531 aiente
306 3489 417 3545 occupent
433 3483 515 3532 omitt.
529 3483 603 3532 Tad.
627 3523 658 3531 ..
685 3482 746 3545 qna,
762 3485 806 3545 ad.
834 3480 923 3546 quibas,
938 3477 990 3545 βγ.
1016 3522 1041 3530 -
1069 3482 1164 3541 ferveat
1179 3480 1204 3528 ia
1221 3488 1328 3542 tantam3

202 3564 248 3613 pro
260 3549 300 3598 his
311 3564 352 3598 vv.
364 3549 443 3599 habet
450 3551 587 3613 faventum
599 3567 622 3610 a,
637 3548 768 3614 scaenam
779 3551 803 3599 d
822 3589 854 3598 ..
872 3547 974 3598 avellere
990 3563 1040 3610 eas,
1057 3550 1093 3599 ita
1109 3565 1157 3600 nos
1173 3549 1328 3613 scripsimus.

201 3613 305 3664 arellam
317 3631 354 3677 aa,
366 3619 411 3667 ad.
434 3633 477 3665 eas
489 3615 598 3676 avellere,
609 3611 660 3681 βγ.
678 3657 710 3668 ...
729 3615 773 3678 hia,
785 3619 830 3667 ad.

235 3699 250 3760 §
264 3705 305 3750 96.
322 3697 454 3759 dirodina,
466 3701 542 3755 Tad.
560 3699 701 3764 altitudinis,
712 3696 763 3766 βγ.
783 3741 814 3750 ..
833 3698 921 3762 sinapi,
933 3700 1005 3750 Tad.
1025 3700 1091 3764 napi,
1102 3702 1238 3759 Barbarus,
1250 3695 1279 3760 β.
1293 3741 1325 3748 -

201 3765 379 3829 similia,Tad.
401 3765 533 3828 simillima,
545 3763 574 3828 β.
593 3809 624 3818 -
647 3767 704 3817 lenit
715 3776 738 3817 et
748 3766 830 3828 mollit,
847 3758 946 3818 OTad.
971 3766 1053 3816 leniter
1064 3767 1157 3830 emollit,
1169 3763 1198 3828 β.
1218 3809 1248 3816 -
1269 3765 1330 3817 Ma·

202 3834 258 3884 rina
270 3832 386 3895 amara,
400 3850 423 3884 v.
434 3836 552 3885 Dioscor.
565 3841 590 3896 2,
605 3840 660 3886 lta.

236 3926 251 3988 5
264 3931 304 3978 97.
328 3942 388 3990 qaae
400 3925 524 3987 mascalas,
542 3928 621 3978 omitt.
634 3930 678 3977 ad.
701 3928 820 3979 Getarum
838 3929 864 3977 in
877 3928 916 3979 his
928 3943 967 3977 vv.
980 3929 1150 3993 corruptelam
1162 3927 1240 3978 latore
1252 3929 1332 3977 docet

181 4020 184 4025 ·
202 3997 311 4058 primum
329 3997 386 4059 ipsa
401 4010 455 4044 vox
467 3992 592 4054 masculus,
610 3997 681 4046 cuins
693 4010 772 4058 genus
785 3995 952 4045 masculinum
965 3998 1115 4056 nonhabet,
1134 3994 1330 4059 querelentur,

203 4071 257 4112 tum
275 4064 329 4127 ipse
346 4063 422 4124 Plin,
439 4063 481 4126 qni
495 4066 536 4122 19,
548 4067 588 4112 93.
605 4070 631 4112 ct
648 4064 762 4114 masculo
781 4069 807 4112 et
821 4061 932 4113 femineo
949 4065 1078 4115 scillarum
1091 4063 1175 4126 generi
1188 4078 1263 4112 nsum
1275 4077 1330 4112 me-

203 4130 288 4180 dicam
305 4145 358 4180 non
375 4131 491 4192 denegat.
515 4168 546 4179 ..
565 4128 675 4192 semaiae
691 4128 782 4194 inieras,
800 4131 844 4180 ad.
863 4131 961 4196 semina
976 4133 1056 4196 niqra,
1070 4127 1122 4194 βγ.
1146 4171 1176 4179 .-
1205 4129 1266 4190 viva,
1283 4131 1330 4178 ad.

116 4237 124 4255 ,
205 4196 524 4262 aina,rvltioopsraram.
551 4195 634 4254 meda,
649 4198 717 4246 Pina
743 4199 783 4247 De
799 4213 825 4248 re
838 4214 860 4249 v.
872 4200 990 4250 Dioscor.
1004 4206 1028 4261 2,
1041 4205 1098 4250 202.
1118 4237 1147 4246 ..
1176 4204 1332 4255 monitam,

205 4263 239 4314 T.
259 4303 290 4313 ..
308 4263 484 4328 immsrpaatar,
498 4257 526 4314 θ,
545 4304 577 4315 ..
595 4264 724 4328 Μαρσὶ,
736 4265 761 4313 d.
