2896 4792
430 277 499 321 ms.
516 276 589 322 xxr.
621 274 699 322 car.
717 276 777 321 xv.
805 274 903 321 sacr.
919 277 1000 319 sa-ss.
1208 260 1269 324 389

149 429 289 495 cundum
312 427 436 514 spinam
459 426 578 491 habent
604 427 726 504 folium,
749 437 785 491 ut
807 424 943 490 tribulus
965 434 998 491 et
1019 426 1147 503 anonis3
1171 447 1270 511 quaa·

149 530 223 594 dam
244 530 279 593 in
300 528 375 593 folio
397 548 462 591 non
483 525 603 592 habent
624 527 711 591 etin
733 527 822 592 caule
844 524 974 603 babent,
1003 534 1040 590 ut
1061 525 1162 612 pheos
1185 528 1272 611 quod
1308 570 1312 576 ,
1364 546 1367 552 ·

149 630 246 715 aliqui
270 629 402 695 stoeben
423 627 636 712 appellavere.
673 627 887 714 Hippophaes
915 626 1016 712 spinis
1037 628 1270 714 geniculatum

149 731 266 797 tribulo
280 731 473 816 proprietas,
496 728 582 813 quod
605 739 637 793 et
659 728 800 793 fructum
823 728 989 813 spinosum
1010 727 1118 793 habet.

192 833 244 896 55.
277 831 330 895 Ex
359 831 507 896 omnibus
534 829 584 894 his
606 828 780 916 generibus
813 829 917 893 urtica
949 851 1096 894 maxume
1128 832 1272 896 noscitur
1285 847 1316 892 or

148 932 324 998 acetabulis
345 932 379 997 in
399 931 477 996 flore
498 954 695 1017 purpuream
715 931 903 1018 lanuginem
924 930 1145 1011 fundentibus,
1176 954 1271 1019 saepe

148 1033 242 1099 altior
264 1033 348 1098 binis
370 1033 497 1098 cubitis.
527 1033 643 1097 Plures
665 1031 735 1097 eius
757 1031 976 1097 differentiae:
1001 1032 1155 1097 silvestris
1175 1055 1272 1117 quam

149 1146 182 1201 et
210 1136 361 1200 feminam
389 1145 522 1211 vocant,
550 1134 730 1218 mitiorque.
764 1133 809 1198 Et
829 1134 863 1198 in
886 1133 1025 1199 silvestri
1051 1156 1134 1218 quae
1156 1133 1273 1200 dicitur

149 1236 263 1302 canina
283 1237 402 1314 acrior,
426 1235 516 1301 caule
537 1256 664 1318 quoque
685 1234 843 1311 mordaci,
870 1234 1037 1300 fimbriatis
1063 1234 1161 1313 foliis,
1190 1258 1272 1320 quaa

148 1361 225 1403 vero
247 1338 342 1402 etiam
363 1338 493 1403 odorem
514 1336 619 1400 fundit
640 1335 848 1400 Herculanea
864 1346 1007 1400 vocatur.
1030 1335 1149 1401 Semen
1169 1337 1271 1402 omni·

148 1440 210 1504 bus
232 1439 412 1525 copiosum,
440 1437 581 1525 nigrum.
618 1435 741 1500 Mirum
769 1436 838 1500 sine
866 1435 940 1500 ullis
969 1437 1134 1521 spinarum
1154 1436 1272 1503 aculeis

148 1540 333 1626 lanuginem
348 1540 453 1624 ipsam
476 1560 547 1603 esse
567 1538 698 1602 noxiam
719 1547 752 1600 et
774 1547 860 1601 tactu
882 1546 1006 1601 tantum
1027 1537 1090 1602 leni
1112 1536 1273 1622 pruritum

148 1643 347 1728 pusulasque
369 1641 537 1706 confestim
559 1640 674 1704 adusto
698 1638 810 1708 similis
837 1639 1008 1715 exsistere;
1036 1649 1147 1704 notum
1173 1648 1222 1703 est
1242 1637 1271 1704 ei

148 1742 325 1807 remedium
347 1742 418 1807 olei.
441 1739 509 1807 Sed
530 1741 723 1806 mordacitas
745 1763 809 1805 non
830 1741 979 1826 protinus
1001 1763 1074 1805 cum
1088 1741 1161 1827 ipsa
1174 1739 1274 1805 herba
1286 1756 1318 1801 sc

148 1842 294 1931 gignitur
327 1866 387 1907 nec
415 1842 478 1907 nisi
505 1842 626 1907 solibus
654 1842 814 1908 roborata.
853 1840 1018 1928 Incipiens
1044 1842 1174 1926 quidem
1201 1841 1273 1927 ipsa

147 1944 341 2010 nasci-rere
374 1966 438 2008 non
466 1944 609 2031 ingrato,
637 1941 747 2008 multis
775 1943 871 2008 etiam
898 1943 1048 2029 religioso
1073 1944 1107 2008 in
1130 1941 1202 2007 cibo
1223 1951 1273 2006 est

148 2044 190 2107 ad
218 2045 380 2131 pellendos
403 2044 500 2109 totius
521 2043 595 2107 anni
618 2044 746 2109 morbos
753 2067 762 2119 ;
799 2042 995 2109 silvestrium
1023 2066 1151 2128 quoque
1180 2041 1273 2108 radix

148 2167 274 2212 omnem
289 2169 416 2212 carnem
432 2145 623 2211 teneriorem
636 2145 713 2211 facit
728 2144 823 2211 simul
833 2156 931 2211 cocta.
956 2141 1051 2228 Quae
1065 2145 1197 2210 innoxia
1211 2155 1271 2223 est,

149 2353 247 2400 tionem
255 2358 349 2409 movet,
361 2365 443 2413 neque
452 2352 548 2411 dubito,
559 2351 620 2412 quin
631 2349 716 2413 spinae
726 2357 749 2397 st
760 2351 777 2399 i.
789 2363 810 2400 e.
828 2351 911 2414 spinae
922 2359 977 2399 sant
988 2354 1021 2402 sit
1032 2354 1183 2416 legendum
1201 2369 1224 2402 v.
1237 2355 1270 2403 ad

151 2424 191 2478 10,
206 2421 261 2467 169.
280 2458 311 2466 -
338 2417 561 2480 asparopuscorpio,
577 2418 682 2466 Barbar.
707 2417 746 2467 At
761 2432 784 2465 v.
801 2419 1268 2482 Theophahistplant.VI.4,1.2.

148 2525 180 2535 ..
191 2482 290 2547 solium,
302 2485 353 2533 Rd.
364 2482 463 2546 florum,
475 2485 509 2533 V.
518 2483 616 2548 florem,
628 2485 659 2532 T.
679 2524 711 2533 ..
728 2481 821 2546 lubeat,
836 2486 898 2536 VT.
916 2483 993 2545 labet,
1005 2481 1104 2550 Russr.
1124 2527 1156 2535 -
1173 2486 1271 2548 spinosa

140 2550 242 2614 foliata,
259 2552 333 2602 R'l'd
350 2548 436 2612 (codd.
453 2552 563 2602 Salmas.
579 2563 662 2601 exerc.
679 2566 705 2615 p.
724 2556 780 2600 123.
797 2550 822 2600 b.
839 2549 887 2612 D.)
919 2549 1040 2614 lupinam
1047 2551 1150 2615 filista,
1161 2554 1196 2603 V.
1221 2552 1270 2616 epa

148 2617 281 2682 aorosolt'o,
293 2619 326 2668 Κ.
345 2659 376 2667 ..
394 2616 536 2679 rusticali.
555 2659 586 2668 -
609 2632 703 2682 eryaqa
716 2620 788 2668 codd.
799 2618 915 2669 Barbari.
936 2634 1031 2684 erunpe,
1042 2620 1127 2671 RVd.
1150 2619 1269 2685 arynpsbn,

147 2682 199 2751 ssr·
219 2727 250 2735 -
272 2684 430 2750 ypostasi,
445 2677 475 2736 θ·
496 2683 621 2751 altares
633 2686 664 2736 R
689 2683 810 2751 soma
822 2686 855 2735 V·
879 2684 994 2750 lesdas
1007 2689 1031 2736 d·
1052 2682 1269 2752 scorteos.

148 2794 180 2804 ...
199 2753 267 2815 inest,
279 2754 331 2803 Bd.
350 2751 377 2802 id
387 2761 428 2815 est,
441 2755 474 2804 V.
493 2795 524 2804 ..
542 2753 621 2817 apina
632 2754 664 2803 R.
685 2752 773 2817 spicia
785 2756 809 2804 d.
831 2752 951 2817 Ιώφαηίσ,
962 2755 997 2804 V.
1019 2752 1162 2817 hispanica,
1173 2756 1270 2818 Rigalt.

149 2830 174 2872 ct
189 2823 292 2873 Thuan.
309 2837 350 2886 ap.
366 2822 475 2873 Salmas.
492 2835 575 2872 exerc.
592 2837 617 2886 p.
630 2828 688 2872 281.
704 2823 729 2872 b.
741 2823 770 2872 F.
793 2821 873 2872 Varia
889 2823 915 2871 in
932 2822 973 2871 his
989 2837 1029 2871 vv.
1046 2830 1145 2872 tentant
1160 2824 1227 2874 Pint.
1244 2831 1271 2875 st

147 2889 236 2940 Dalec.
262 2929 292 2939 -
319 2888 411 2949 anona,
427 2889 503 2940 RVd
521 2887 590 2952 (libri
603 2890 693 2953 optimi
709 2905 750 2953 ap.
767 2889 875 2940 Salmas.
893 2904 918 2952 p.
936 2894 993 2940 2⁷9.
1010 2890 1034 2939 b.
1051 2887 1095 2951 F.)
1121 2890 1162 2939 Ita
1176 2892 1270 2955 pariter

147 2957 262 3021 plerique
273 2966 299 3006 ct
310 2958 400 3021 optimi
412 2960 485 3007 codd.
497 2958 524 3006 in
535 2959 587 3007 ind.
600 2957 625 3006 la
635 2958 652 3007 1.
665 2956 754 3019 onais,
765 2952 816 3021 βγ.
830 2997 862 3006 ..
877 2973 923 3005 aon
934 2955 1020 3005 babeat
1031 2964 1055 3006 et
1065 2956 1090 3005 s'a
1101 2957 1167 3008 acala
1177 2957 1269 3027 aasz,

151 3016 231 3075 OVT
260 3025 363 3074 Thnan.
379 3040 420 3089 ap.
437 3022 558 3085 Salmas.)
584 3023 671 3073 babent
686 3032 709 3072 et
723 3023 749 3073 ia
764 3023 832 3073 caule
843 3023 936 3086 babeat,
948 3026 1001 3075 Ro.
1028 3023 1269 3090 babentatiacuola,

146 3086 198 3155 βγ.
221 3087 266 3141 καὶ
282 3087 337 3206 rdp
349 3089 380 3141 τὸ
393 3088 496 3156 φύλλον
509 3089 687 3149 samaritida»
699 3086 759 3209 dd&
770 3087 839 3141 κατὰ
852 3090 941 3156 (vulgo
953 3087 1012 3152 καὶ)
1024 3089 1070 3141 τὸν
1083 3089 1194 3156 καυλόν,
1206 3090 1268 3162 οὐχ,

325 3174 347 3206 ω

148 3153 306 3223 ὥσπερὸφ
349 3155 423 3216 ςκαὶ
442 3155 592 3223 ἱππόφεως,
610 3156 697 3208 dodra
733 3158 822 3217 arat<
830 3155 956 3224 φύλλοις,
974 3161 1106 3224 Theophr.
1119 3163 1177 3212 hist
1189 3163 1268 3227 plant.

147 3225 195 3276 VL
210 3233 233 3285 5,
246 3227 366 3286 2.,‚ubiv.
376 3226 520 3277 Schneider.
529 3241 555 3290 p.
569 3232 625 3276 511.
640 3266 671 3276 -
688 3225 768 3291 pheos,
780 3229 857 3278 VTd
868 3225 984 3289 (Thuan.
995 3243 1037 3291 ap.
1049 3227 1170 3290 Salmas.)
1185 3228 1268 3292 pheor,

147 3294 179 3344 R.
200 3291 289 3354 pileos,
300 3287 330 3353 β.
349 3332 381 3342 -
400 3292 500 3352 stoeben,
512 3293 544 3340 R.
566 3291 654 3353 athaes,
666 3294 701 3343 V.
722 3293 811 3353 atheon,
824 3296 848 3343 d.
867 3334 898 3344 ..
919 3293 1083 3358 Hippopltaes,
1095 3296 1140 3345 Rd
1152 3295 1268 3359 (Thuau.

148 3375 189 3423 ap.
206 3356 326 3419 Salmas.)
353 3357 424 3423 lippo
441 3358 494 3419 bae,
510 3360 544 3409 V.
570 3358 705 3422 bippopbea
721 3361 817 3424 Rigalt.
834 3370 860 3411 et
875 3362 920 3410 alii
934 3377 975 3424 ap.
993 3361 1100 3411 Salmas.
1127 3361 1267 3426 appropias,

147 3429 203 3476 cod.
223 3428 408 3477 vetustissimus
428 3427 548 3477 eiusdem.
582 3424 716 3492 bypoplyes
735 3429 776 3476 rel
799 3426 955 3492 bippophyes,
980 3429 1086 3478 Barbar.
1112 3468 1144 3478 -
1177 3428 1268 3490 tribula

149 3493 255 3557 Cagnat.
267 3510 332 3544 varr.
345 3496 412 3545 obss.
427 3501 448 3554 1,
461 3499 501 3545 25.
513 3503 539 3544 et
550 3494 658 3545 Salmas.
678 3493 772 3555 tributa
783 3496 808 3545 B
820 3492 941 3557 (Rigalt.)
960 3494 1053 3556 tabam,
1062 3495 1095 3545 V.
1114 3495 1202 3559 oasa,
1214 3497 1267 3548 Ta

149 3561 243 3623 tribum
254 3558 284 3624 β.
304 3560 389 3624 tribuli,
401 3563 469 3613 Piut.
491 3563 525 3612 V.
537 3561 669 3626 Theophr.
681 3562 739 3612 hist.
751 3562 831 3625 plant
843 3561 890 3611 VI.
904 3567 927 3621 5,
940 3567 964 3610 8.

181 3664 248 3726 §92
272 3664 385 3727 ametur,
397 3665 431 3714 V.
449 3702 481 3714 ..
516 3680 650 3728 coporeum,
663 3665 719 3715 Vd.
739 3703 770 3713 ..
794 3661 914 3727 banaiae,
926 3664 959 3714 R.
977 3700 1008 3714 ..
1032 3663 1163 3726 Pluraad.
1181 3665 1267 3729 stores,

147 3730 182 3779 V.
194 3730 252 3781 Om.
263 3731 294 3780 R.
307 3773 338 3782 -
356 3748 427 3794 qaam
439 3740 468 3791 et,
482 3681 590 3784 fvnd.
608 3747 688 3795 qaam,
698 3726 757 3792 Ββ.
768 3770 799 3780 ..
808 3729 914 3793 femina,
925 3731 957 3780 R.
971 3773 1002 3782 ,
1014 3731 1144 3796 mitiorque,
1153 3733 1266 3784 RVTd.

147 3795 233 3858 mitior,
244 3793 273 3858 β.
292 3839 323 3849 ..
347 3797 383 3847 Et
393 3799 426 3861 in,
438 3800 493 3850 Vd.
519 3798 605 3861 Ean.
624 3840 656 3849 ..
678 3799 774 3861 maino,
787 3791 898 3849 OVTd.
925 3797 1004 3859 ania,
1020 3795 1078 3860 Rss.
1098 3840 1128 3850 ..
1144 3799 1268 3864 sandica,

147 3865 237 3992 ἕνῇ.
264 3863 317 3926 lem‘,
333 3867 365 3980 lli.
393 3865 445 3983 igni,
461 3869 517 3918 Vd.
541 3907 572 3918 ..
595 3865 758 3932 patulasque,
773 3862 803 3928 β.
827 3864 992 3931 pustulasque,
1009 3883 1030 3917 r.
1054 3909 1085 3918 ,
1111 3867 1210 3930 ei,'l'd.
1237 3876 1267 3931 at,

231 3945 256 3993 r.
276 3973 306 3981 -
325 3947 382 3992 oco,
421 3969 428 3982 .

181 4029 249 4091 §ta
277 4030 358 4093 haba,
376 4035 457 4085 omitt
469 4036 521 4085 Td.
541 4075 571 4085 ..
591 4035 676 4100 ι’φιοιο,
688 4039 711 4086 d.
729 4077 758 4085 -
776 4034 812 4084 ud
819 4033 949 4099 pellendos,
961 4035 995 4085 V.
1014 4032 1172 4098 appellandos,
1184 4035 1215 4085 R.
1233 4034 1269 4084 ad

147 4096 302 4162 expellendos,
318 4100 371 4149 Td.
395 4143 426 4151 -
453 4101 523 4151 siaul
538 4109 610 4152 coam.
636 4103 705 4161 Quae
721 4103 937 4163 innociaast,'1'd.
964 4100 1035 4151 amal
1047 4098 1268 4164 memqueinaoat'a

146 4165 232 4225 aaa.
258 4165 476 4232 simalcoctaquce
487 4168 561 4218 acaia
571 4177 613 4231 est,
628 4163 687 4221 OV.
714 4167 787 4221 simul
800 4178 873 4220 cocta.
900 4167 1085 4232 maioma,
1096 4165 1126 4230 β.
1153 4167 1267 4233 amnique

146 4240 214 4282 eoem
229 4232 328 4284 innoxia
342 4243 388 4299 m,
407 4239 480 4289 codd·
496 4237 574 4288 aad·
588 4251 613 4302 γε
879 4266 885 4280 ”
