2896 4792
348 322 351 327 -
381 299 451 346 nm.
468 299 571 346 xvm.
600 297 677 345 cur.
694 299 741 346 rx.
758 300 792 345 x.
822 296 919 344 sacr.
935 299 966 342 n.
982 299 1013 343 n.
1188 282 1248 346 161

127 472 211 536 quae
232 459 415 515 maturuere
435 451 583 536 protinus
609 472 746 537 granum
774 449 1028 526 dimittentibus3
1061 450 1119 515 sed
1143 450 1250 516 minus

126 574 222 638 quam
244 563 351 619 cetera
372 551 533 618 flumenta
546 553 580 616 in
595 551 715 637 stipula
728 551 936 638 periclitatur,
958 552 1110 636 quoniam
1125 573 1251 638 semper

124 665 244 721 rectam
273 653 371 719 habet
398 653 520 739 spicam
548 675 610 719 nec
631 675 737 720 rorem
760 653 901 720 continet
921 653 977 738 qui
998 653 1176 741 robiginem
1199 653 1249 720 fa·

123 755 198 822 ciat.
221 753 276 818 Ex
297 754 406 819 arinca
428 754 630 821 dulcissimus
652 755 760 841 panis;
782 756 854 841 ipsa
875 755 1007 840 spissior
1022 778 1120 840 quam
1134 755 1196 834 far,
1217 762 1251 821 et
1263 771 1295 818 aa

125 859 226 923 maier
248 857 353 942 spica,
377 856 489 921 eadem
520 867 552 921 et
574 856 799 943 ponderosior3
829 879 901 922 raro
923 856 1048 922 modius
1069 856 1162 944 grani
1184 878 1251 922 non

123 980 184 1024 xvr
204 958 305 1025 libras
324 959 427 1044 inplet
433 983 443 1036 3
477 957 633 1023 exteritur
653 958 688 1022 in
711 956 850 1024 Graecia
872 958 1053 1037 difficulter,
1081 959 1121 1024 ob
1143 958 1178 1022 id
1198 959 1250 1024 iu·

80 1080 87 1093 ⁸
123 1060 241 1126 mentis
263 1058 333 1124 dari
353 1057 395 1123 ab
416 1057 559 1127 Homero
581 1058 682 1134 dicta3
715 1058 796 1124 haec
824 1059 910 1123 enim
936 1069 986 1123 est
1006 1080 1104 1143 quam
1126 1060 1252 1145 olyram

124 1172 232 1240 vccat3
260 1161 372 1227 eadem
394 1159 428 1224 in
449 1160 604 1246 Aegypto
625 1159 726 1225 facilis
746 1159 932 1244 fertilisque.
962 1159 1030 1224 Far
1057 1161 1127 1226 sine
1152 1161 1252 1227 arista

124 1273 184 1341 cst,
205 1264 283 1328 item
305 1263 410 1349 siligo,
433 1272 568 1347 excepta
589 1283 672 1346 quae
692 1260 856 1326 Laconica
877 1262 1067 1347 appellatur.
1088 1261 1249 1328 Adiciun-
1263 1277 1296 1322 aa

123 1374 176 1429 tur
200 1363 252 1429 his
278 1386 400 1454 genera
427 1363 571 1440 bromos,
606 1362 700 1450 siligo
729 1373 868 1448 excepta
900 1372 932 1426 et
959 1372 1085 1448 tragos,
1118 1373 1251 1429 externa

123 1464 230 1530 omnia
262 1466 304 1532 ab
335 1464 459 1531 oriente
487 1464 630 1542 invecta,
665 1485 784 1548 oryzae
813 1462 939 1528 similia.
983 1462 1088 1563 Tiphe
1117 1476 1151 1529 et
1178 1465 1252 1550 ipsa

124 1566 271 1632 eiusdem
292 1577 342 1632 est
363 1566 504 1653 generis,
527 1587 568 1631 ex
590 1587 654 1650 qua
674 1565 711 1629 fit
731 1565 766 1630 in
787 1575 897 1629 nostro
918 1563 995 1631 orbe
1016 1585 1125 1648 oryza.
1147 1565 1251 1650 Apud

125 1666 270 1735 Graecos
296 1681 347 1733 est
373 1678 405 1732 et
433 1690 511 1753 zea*
538 1667 733 1751 traduntque
750 1689 830 1732 eam
858 1687 896 1731 ac
926 1665 1052 1752 tiphon,
1086 1688 1160 1730 cum
1187 1666 1251 1732 sint

123 1770 311 1858 degeneres,
334 1769 439 1833 redire
460 1769 503 1835 ad
525 1768 733 1845 frumentum,
756 1767 783 1833 si
798 1768 901 1854 pistae
917 1779 1074 1845 serantur,
1097 1790 1157 1833 nec
1172 1790 1248 1853 pro·

125 1869 212 1936 tinus
235 1870 293 1936 sed
315 1869 409 1934 tertio
432 1891 526 1935 anno.

168 1974 219 2036 21.
242 1970 366 2035 Tritico
388 1971 466 2036 nihil
489 1983 538 2036 est
557 1970 708 2051 fertilius3
732 1970 792 2037 hec
814 1971 843 2036 ei
864 1981 981 2036 natura
1001 1970 1123 2051 tribuit,
1144 1993 1248 2056 quon·
1262 1986 1294 2031 ⁹⁴

124 2072 188 2137 iam
215 2094 254 2138 eo
281 2095 431 2138 maxume
458 2071 565 2138 alebat
590 2071 767 2151 hominem,
795 2084 908 2159 utpote
935 2095 1008 2138 cum
1031 2074 1191 2154 emedio,
1221 2074 1249 2140 si

125 2173 166 2239 sit
193 2184 307 2260 aptum
335 2175 440 2240 solum
467 2174 561 2259 quale
582 2175 616 2238 in
637 2174 781 2259 Byzacio
801 2174 933 2240 Africae
961 2197 1091 2262 campo,
1121 2175 1249 2242 centeni

124 2275 344 2363 quinquageni
358 2276 457 2341 modii
471 2276 655 2342 reddantur.
684 2275 777 2341 Misit
799 2298 840 2341 ex
862 2299 901 2342 eo
918 2278 990 2342 loco
1004 2277 1079 2343 divo
1094 2276 1249 2364 Augusto

105 2388 316 2463 ¹procurator
337 2377 407 2443 eius
429 2400 470 2443 ex
491 2400 555 2445 uno
570 2400 683 2464 grano,
705 2378 761 2442 vix
775 2378 928 2444 credibile
943 2378 1042 2457 dictu,
1065 2399 1146 2443 cccc
1164 2400 1246 2464 pau·

124 2477 171 2542 cis
193 2478 300 2544 minus
321 2477 483 2564 germina,
511 2488 703 2562 exstantque
725 2477 765 2543 de
788 2500 826 2543 ea
847 2501 882 2542 re
904 2478 1078 2564 epistulae3
1106 2479 1194 2544 misit
1215 2489 1247 2544 et

125 2574 245 2644 Neroni
274 2578 421 2644 similiter
448 2600 553 2644 ccccx
576 2578 710 2664 stipulas
731 2600 772 2642 ex
794 2600 858 2643 uno
879 2600 991 2665 grano.
1028 2577 1112 2644 Cum
1136 2589 1246 2644 cente·
1260 2592 1292 2637 9⁵

123 2678 205 2746 simo
232 2680 362 2764 quidem
390 2691 422 2745 et
449 2679 601 2744 Leontini
629 2676 758 2745 Siciliae
785 2679 889 2764 campi
915 2678 1054 2743 fundunt
1074 2679 1192 2763 aliique
1213 2689 1247 2745 et

123 2790 190 2845 tota
212 2779 347 2846 Baetica
369 2792 401 2847 et
420 2781 455 2846 in
476 2780 588 2868 primis
610 2780 793 2869 Aegyptus.
826 2778 1039 2845 Fertilissima
1066 2779 1164 2846 tritici
1185 2800 1244 2868 ge·-

122 2902 199 2945 nera
224 2904 391 2948 ramosum
416 2893 448 2948 et
476 2881 564 2968 quod
589 2881 824 2970 centigranium
851 2891 984 2958 vocant3
1016 2881 1167 2947 inventus
1194 2894 1246 2950 eet

122 2980 186 3046 iam
208 2994 241 3047 et
263 3006 381 3069 scapus
402 3007 487 3049 unus
509 2994 639 3049 centum
659 2983 741 3049 fabis
762 2993 906 3049 onustus.
991 3047 996 3053 .

156 3191 224 3252 §92
252 3190 342 3254 africa,
357 3183 471 3241 8111-
491 3193 588 3253 maiore,
600 3192 633 3242 K
646 3232 676 3241 -
696 3190 794 3253 modios,
807 3207 829 3240 a
843 3231 872 3240 ..
893 3207 947 3252 aaa,
960 3195 984 3242 d.
1003 3208 1066 3253 nam,
1079 3209 1101 3243 a
1116 3233 1145 3241 -
1165 3207 1244 3243 amere

122 3253 218 3316 dictam,
230 3269 253 3306 a.
271 3258 305 3306 V.
317 3257 392 3306 Iliad.
405 3271 430 3318 ε,
445 3263 501 3309 195.
519 3300 551 3309 -
570 3259 705 3323 excepticia,
717 3260 807 3309 Delec.

155 3325 223 3386 §ata
249 3323 380 3387 perterritae,
391 3326 479 3375 Dalec.
503 3367 534 3376 -
563 3335 668 3390 empta,
684 3319 783 3377 Orac.
805 3324 942 3390 excepticia,
954 3322 983 3387 β.
1006 3328 1065 3379 Om.
1077 3328 1174 3387 Delec,
1187 3326 1244 3377 Sel·

121 3405 184 3439 mas.
200 3405 261 3440 vero
278 3405 360 3442 exerc.
377 3406 402 3456 p.
417 3398 473 3443 154.
485 3410 508 3443 a.
519 3395 550 3444 E.
568 3397 644 3447 verba
655 3393 725 3458 siligo
737 3401 836 3457 excepta
852 3409 866 3444 e
877 3395 1048 3458 superioribus
1059 3395 1127 3443 mule
1138 3395 1245 3458 repetita

121 3458 263 3508 arbitratur.
283 3499 315 3508 ..
333 3458 422 3522 inverte
433 3476 513 3524 oryza,
525 3465 569 3512 ad.
589 3503 620 3511 -
639 3462 705 3526 ι’ρεας
717 3477 763 3526 pro
777 3463 803 3511 h.
816 3478 839 3510 v.
851 3463 948 3512 habent
955 3462 1013 3525 pica
1028 3454 1098 3513 Oad.
1116 3463 1147 3512 In
1160 3465 1245 3512 coda

120 3540 168 3588 pro
180 3526 271 3575 ultima
282 3528 367 3577 littera
378 3529 450 3577 initio
463 3527 511 3578 fuit
521 3530 573 3579 elia
584 3532 717 3594 quaedam,
729 3545 795 3594 quae
805 3544 874 3579 nune
885 3544 938 3578 non
949 3530 1059 3594 amplius
1071 3531 1177 3579 discerni
1186 3537 1244 3593 pot·

122 3602 167 3642 est
180 3634 212 3643 -
230 3593 333 3643 eiusdem
343 3602 384 3656 eet,
398 3588 496 3646 oded„
513 3594 660 3659 eiusdemfi.
674 3637 706 3650 .,
724 3589 845 3664 amtrqllss
853 3597 919 3658 urbe,
932 3599 956 3647 d.
968 3639 1000 3648 ..
1019 3596 1097 3662 olyra,
1109 3598 1198 3649 Dalec.
1211 3634 1242 3645 .-

121 3667 156 3706 eet
166 3668 195 3721 et,
209 3654 280 3711 θεὰ.
303 3669 345 3722 eet,
356 3658 407 3728 βγ.
426 3704 458 3714 ..
484 3663 545 3726 iric,
559 3658 629 3715 θεὰ.
652 3665 691 3716 At
706 3665 812 3727 vulgata
828 3665 951 3728 scriptura
966 3681 1010 3714 reu
1024 3666 1187 3716 disertissime
1198 3667 1241 3715 de·

120 3725 234 3778 ienditur
249 3745 295 3793 per
310 3730 444 3794 Theophr.
460 3732 519 3782 hire
535 3733 616 3796 plant.
629 3732 665 3782 II.
678 3740 702 3793 4,
717 3739 738 3783 l.
754 3732 771 3798 ἡ
788 3729 853 3798 τίφη
870 3727 916 3780 καὶ
928 3732 945 3797 ἡ
958 3728 1016 3789 (scd
1026 3727 1243 3794 μεταβάλλουσιν

121 3789 269 3906 Ξίςπυρόν,
288 3793 337 3845 ἐὰν
351 3796 505 3847 πτωθεῖσαι
518 3796 693 3864 crediderat,
707 3795 752 3848 rai
767 3799 847 3849 τοῦτο
860 3795 909 3848 οὐκ
921 3797 1016 3862 εὐθύς,
1036 3795 1105 3849 ἀλλὰ
1120 3796 1160 3862 τῷ
1171 3792 1252 3862 τρίτῳ

139 3875 186 3909 ret.
206 3903 237 3912 -
256 3880 293 3925 ac,
305 3866 385 3915 omitt.
398 3869 443 3917 ad.

156 3926 225 3988 §en
255 3930 341 3993 ahiat,
357 3925 456 3983 Orac.
480 3928 580 3994 alatri.
599 3974 631 3984 ..
653 3936 777 3998 utpoted.
791 3940 890 3997 polea.
910 3975 941 3984 ..
960 3933 1074 3995 eiuaad.
1093 3928 1191 3993 Omss.
1212 3972 1242 3982 -

126 3992 302 4056 0000111111.
320 3998 382 4060 XL,
393 4003 427 4062 r²‚
441 4004 511 4064 quod
522 4002 643 4065 praetulit
654 4003 733 4052 Hard.
747 4042 779 4051 -
795 4001 879 4065 paura
888 4001 972 4064 mauce,
983 4005 1006 4052 d.
1021 3999 1180 4066 paunteau,
1193 3992 1243 4050 θα.

121 4101 153 4111 ..
169 4079 257 4126 prena,
267 4067 359 4118 Dalee.
378 4108 409 4118 ..
431 4065 556 4128 CCCLX,
571 4060 688 4120 OTedr.
709 4066 833 4130 00οΧῑι,
845 4065 875 4131 β.

154 4131 221 4193 §95.
247 4132 356 4197 Becare,
368 4150 392 4185 a.
410 4134 515 4196 Bicera,
528 4137 553 4185 d.
573 4176 603 4184 ..
622 4135 726 4200 οὶᾳιιοᾶ,
737 4138 774 4187 ita
785 4153 833 4187 nos
844 4138 996 4201 scripsimus.
1015 4131 1242 4199 autquedadssr,

120 4199 190 4274 quod
202 4209 304 4263 propter
315 4205 508 4265 praecedentem
519 4203 645 4266 pluralem
654 4204 712 4255 ferri
721 4205 817 4268 nequit.
831 4245 861 4255 -
880 4202 1059 4270 eenuyranicm,
1072 4196 1173 4254 orae.
1190 4218 1243 4253 cen·

121 4262 646 4384 aqgmrmffi-icmetadctim'll.
1021 4337 1036 4397 l

176 4346 231 4381 aru.
998 4338 1013 4397 1
