2896 4792
202 276 264 342 228
556 289 760 338 asanaams
783 290 978 338 ursnoamn

244 444 295 506 81.
328 439 411 507 Cum
440 451 561 506 aestate
590 439 810 507 vehementius
834 442 937 507 tonuit
959 464 1056 524 quam
1078 442 1185 520 fulsit,
1214 457 1325 511 ventos
1339 464 1389 508 354

202 568 241 611 ex
264 566 302 609 ea
322 553 416 630 parte
439 542 619 621 denuntiat,
644 553 756 608 contra
771 543 798 609 si
813 543 919 611 minus
935 542 1048 620 tenuit,
1070 542 1216 610 imbrem.
1240 542 1324 611 Cum

202 667 314 711 sereno
343 644 430 710 caelo
457 643 575 731 finget,
609 644 738 730 pluviae
765 656 859 711 erunt
886 655 918 709 et
941 644 1079 709 tonitrua
1101 656 1133 710 et
1160 645 1323 726 hiemabit,

200 745 397 812 atrocissime
420 756 543 824 autem,
572 767 644 810 cum
667 769 707 811 ex
729 746 878 812 omnibus
900 756 1051 831 quattuor
1078 745 1222 833 partibus
1245 749 1324 815 caeli

201 849 393 938 fulguravit;
417 871 491 914 eum
511 846 553 912 ab
568 847 716 932 aquilone
732 858 865 925 tantum,
880 847 914 912 in
930 857 1093 933 posterum
1108 847 1193 913 diem
1208 872 1324 935 aquam

198 948 382 1035 pertendet,
406 971 478 1015 eum
501 971 520 1013 a
543 948 771 1035 septentrione,
795 960 928 1016 ventum
949 972 1030 1014 eum.
1055 946 1140 1015 Cum
1158 950 1199 1015 ab
1214 963 1324 1018 austro

198 1050 250 1116 vel
272 1072 346 1116 coro
368 1061 424 1116 aut
446 1050 576 1116 favonio
597 1061 691 1116 noete
714 1072 827 1116 serena
849 1044 1034 1137 fulguravit,
1057 1061 1188 1116 ventum
1210 1063 1241 1117 et
1262 1052 1323 1117 im-

198 1151 289 1217 brem
311 1174 351 1217 ex
373 1151 487 1217 iisdem
508 1150 696 1238 regionibus
717 1150 957 1217 demonstrabit.
989 1150 1145 1217 Tonitrua
1167 1153 1325 1217 matutina

199 1264 328 1318 ventum
351 1253 545 1341 significant,
567 1252 703 1319 imbrem
724 1252 911 1318 meridiana.

148 1344 151 1349 ’
240 1357 292 1421 82.
314 1353 428 1422 Nubes
451 1377 524 1421 cum
548 1376 660 1421 sereno
681 1355 716 1418 in
738 1354 861 1420 caelum
883 1356 1042 1434 ferimur,
1064 1377 1104 1420 cx
1121 1377 1324 1441 quacumque
1337 1371 1387 1416 aaa

197 1466 290 1543 parte
312 1455 347 1520 id
367 1455 433 1535 fiet,
456 1456 544 1522 venti
567 1466 812 1541 exspectentur3
836 1456 863 1521 si
886 1456 999 1522 eodem
1021 1457 1092 1522 loeo
1106 1455 1325 1543 globabuntur

197 1556 555 1643 adpropinquantesquc
577 1557 636 1623 soli
658 1556 871 1623 discutientur
893 1568 925 1624 et
946 1557 1009 1622 hoc
1030 1556 1072 1623 ab
1092 1558 1239 1642 aquilone
1257 1557 1323 1637 fiet,

197 1659 320 1739 ventos,
352 1659 379 1726 si
401 1659 443 1726 ab
471 1670 595 1737 austro,
623 1658 736 1724 imbris
762 1659 965 1745 portendant.
1003 1656 1077 1726 Sole
1103 1659 1268 1725 occidente
1296 1661 1323 1725 si

197 1772 396 1846 exutraque
418 1772 510 1847 parte
532 1760 603 1825 eius
625 1759 748 1824 caelum
770 1769 893 1846 potent,
915 1770 1137 1846 tempestatem
1159 1759 1322 1846 significa-

196 1860 293 1937 buna
315 1861 537 1929 vehementius
559 1871 646 1926 atrac
668 1860 710 1926 ab
732 1861 855 1927 oriente
877 1861 912 1926 in
926 1873 1053 1928 noctem
1066 1882 1183 1946 aquam
1197 1861 1322 1926 minan-

198 1973 265 2038 tur,
297 1962 338 2027 ab
371 1962 537 2029 occidente
564 1961 597 2026 in
624 1972 789 2047 posterum
816 1963 912 2028 diem.
949 1960 987 2028 Si
1015 1962 1117 2028 nubes
1143 1973 1179 2027 ut
1206 1961 1323 2028 vellera
1337 1976 1385 2022 aaa

196 2063 288 2128 lanae
311 2074 504 2150 spargentur
524 2064 643 2129 multae
665 2063 706 2129 ab
729 2063 860 2142 oriente,
883 2085 1000 2147 aquam
1021 2063 1055 2127 in
1072 2063 1214 2128 triduum
1227 2087 1322 2150 prae-

198 2164 331 2252 sagient.
354 2161 439 2229 Cum
459 2164 494 2228 in
516 2163 736 2230 cacuminibus
757 2164 912 2229 montium
934 2165 1038 2230 nubes
1053 2165 1230 2244 consident,
1252 2164 1321 2230 hie-

197 2265 315 2343 mabit3
349 2265 376 2330 si
399 2265 567 2331 cacumina
588 2287 670 2351 pura
690 2263 778 2344 fient,
812 2264 1034 2332 disserenabit.
1071 2265 1166 2332 Nube
1188 2267 1323 2355 gravida

198 2367 398 2445 candicante,
410 2367 497 2452 quod
512 2376 628 2432 vocant
642 2375 864 2451 tempestatem
878 2366 994 2446 albam,
1006 2368 1129 2454 grando
1143 2367 1322 2434 inminebit.

201 2467 301 2536 Caelo
326 2469 474 2554 quamvis
502 2489 615 2535 sereno
642 2467 800 2533 nubecula
826 2467 972 2551 quamvis
994 2490 1094 2554 parva
1114 2467 1226 2534 flatum
1246 2490 1323 2554 pro·

199 2572 351 2640 callosum
372 2570 473 2637 dubit.

234 2786 320 2847 §aba
337 2783 360 2833 si
376 2781 461 2842 minus,
477 2783 539 2833 a²d.
566 2781 645 2841 amus,
662 2783 698 2832 a¹.
717 2781 751 2831 V.
763 2781 895 2844 Theophr.
913 2775 975 2844 περὶ
991 2774 1112 2845 σημείων
1129 2775 1232 2828 ὑδάτων
1247 2785 1322 2842 1,21.

118 2846 121 2851 ’
200 2865 225 2913 p.
244 2853 300 2901 788.
324 2857 348 2912 9,
367 2854 389 2902 7.
426 2853 507 2900 .791.
532 2889 562 2898 -
581 2847 665 2914 sulqet
679 2847 781 2912 plumae,
798 2865 821 2899 a.
839 2846 952 2912 sulpura,
968 2848 999 2898 T.
1018 2845 1131 2910 fulqcra,
1147 2850 1171 2897 (1.
1189 2845 1323 2911 sulqetrae,

200 2917 279 2968 Hard.
291 2933 305 2966 e
317 2920 390 2968 codd.
403 2865 441 2981 di)
452 2931 477 2981 γ.
497 2957 527 2966 -
551 2923 574 2965 et
584 2915 708 2979 diemabit3
725 2931 772 2980 pro
784 2916 825 2966 his
836 2930 876 2964 vv.
889 2915 983 2964 habent
994 2913 1137 2963 abbiemabr't
1147 2915 1190 2964 Td
1214 2951 1221 2976 ,
1243 2912 1322 2963 abdie-

200 2984 307 3035 nravita
326 3025 358 3034 ..
385 3001 422 3046 er,
439 3000 489 3035 om.
502 2987 525 3035 d.
545 3025 577 3034 -
595 2983 779 3050 sulqurauita.
795 2980 946 3048 salqurabit,
960 2979 1001 3044 (1β
1024 3018 1030 3032 .
1050 3022 1080 3032 ..
1101 2989 1185 3044 purten
1203 2989 1232 3042 et,
1250 2983 1322 3033 Tad.

197 3051 326 3116 portendit,
337 3048 367 3113 β.
386 3092 418 3103 ..
427 3051 576 3117 fulqurauit,
588 3055 613 3103 d.
622 3050 763 3118 sulpurant,
774 3066 798 3101 a.
808 3049 980 3116 sulpuraaen't
1017 3065 1042 3114 γ.
1062 3090 1093 3099 ..
1112 3047 1287 3112 demonstravit,
1299 3053 1323 3100 d.

234 3135 320 3198 §8⁵5.
347 3135 568 3199 incaelum,Tud.
595 3131 733 3200 caelassr.
752 3176 784 3185 ..
808 3137 892 3194 ea,T.
919 3150 955 3196 ea,
972 3151 995 3186 a
1022 3129 1133 3199 5,(1βγ.
1156 3173 1182 3182 ..
1208 3123 1323 3182 centica-

197 3211 327 3268 perteatur,
338 3221 362 3255 a.
380 3212 535 3269 eupsetentur,
548 3207 572 3254 d.
590 3211 752 3269 exspectentur
764 3202 833 3266 uenti,
844 3199 894 3268 pr.
914 3244 946 3252 ..
964 3201 1227 3267 appropinquantesque
1238 3199 1291 3262 soli,
1303 3217 1324 3251 r.

188 3270 463 3337 -adpropr‘nquantiaque
474 3270 528 3333 eali,
540 3288 564 3323 a.
582 3270 832 3338 adpropinquantique
842 3269 897 3332 aeli,
907 3271 942 3320 D.
960 3269 1212 3335 appropinquanteque
1223 3267 1279 3330 sole,
1291 3269 1323 3319 T.

200 3339 407 3406 appropinquante
420 3338 476 3403 acle,
490 3341 506 3390 d
537 3356 563 3405 γ.
581 3381 613 3391 -
632 3339 800 3402 discutiantur,
812 3356 833 3390 r.
851 3379 882 3390 ..
902 3346 925 3388 et
935 3337 985 3400 boe,
996 3339 1117 3390 DTudr.
1136 3345 1158 3386 et
1169 3336 1219 3398 boc,
1231 3335 1260 3398 si,
1271 3332 1324 3400 βγ.

201 3449 232 3459 -
243 3407 298 3470 fiet,
311 3407 494 3472 DTa.fiat,d
525 3424 551 3473 γ.
570 3448 602 3459 ..
619 3407 643 3456 ci
654 3409 685 3456 ab
697 3415 805 3472 uaeque,
816 3408 849 3458 K.
862 3447 894 3458 ..
909 3413 997 3470 petent,
1009 3406 1035 3456 K
1046 3403 1133 3467 (codd.
1146 3402 1216 3465 Get.)
1232 3411 1324 3468 petant,

200 3476 254 3527 Td.
269 3483 343 3540 patet,
356 3492 379 3526 a.
399 3517 430 3527 ..
448 3483 521 3538 noete,
534 3478 559 3527 d.

233 3563 248 3627 5
261 3567 320 3612 356.
339 3569 493 3627 rparqantur,
505 3562 558 3612 Td.
575 3561 609 3612 V.
621 3559 755 3623 Theophr.
770 3559 788 3609 1,
800 3558 817 3609 l.
831 3563 854 3618 1,
870 3563 907 3608 13.
920 3573 945 3621 p.
960 3561 1016 3609 783.
1035 3596 1067 3606 ..
1090 3555 1116 3603 in
1128 3553 1240 3617 triduum,
1251 3573 1275 3606 a.
1298 3555 1325 3605 in

198 3626 330 3693 pernitiae,
347 3630 416 3680 Td².
429 3629 487 3682 Om.
500 3630 538 3679 d¹.
564 3627 591 3677 in
604 3635 722 3692 porterum
739 3624 810 3686 dien,
825 3625 893 3676 Pint.
912 3664 944 3674 -
966 3622 1133 3687 praeroqiuat,
1146 3623 1177 3673 T.
1197 3664 1228 3673 -
1246 3623 1324 3673 coari-

200 3696 262 3759 dent,
274 3697 364 3748 Tadr.
382 3694 511 3756 concidat,
522 3690 552 3758 β.
571 3736 603 3746 ..
616 3694 693 3758 fiant,
705 3696 736 3746 T.
754 3695 789 3746 V.
801 3692 933 3756 Theophr.
944 3692 963 3740 1.
975 3691 992 3740 1.
1005 3697 1030 3752 4,
1043 3696 1066 3742 9.
1084 3702 1109 3755 p.
1124 3695 1180 3743 798.
1199 3733 1231 3742 ..
1250 3690 1324 3741 (11555-

200 3765 298 3823 renabit,
311 3782 334 3817 a.
357 3763 407 3814 dies
417 3763 571 3825 sacrabitur,
584 3764 636 3813 Td.
655 3804 687 3813 ..
705 3761 799 3824 abbam,
811 3775 835 3810 a.
855 3759 889 3810 V.
901 3759 1031 3823 Theophr.
1044 3759 1061 3808 1.
1073 3759 1090 3808 l.
1104 3765 1127 3820 3,
1140 3765 1164 3810 8.
1176 3775 1201 3822 p.
1216 3763 1272 3811 796.
1292 3799 1324 3808 -

199 3849 323 3962 aereaqqa.
348 3849 365 3882 a
381 3833 510 3893 samad.
535 3832 570 3883 V.
588 3831 721 3895 Theopbr.
739 3829 756 3880 l.
768 3831 786 3879 1.
805 3834 829 3888 3,
841 3833 865 3878 5.
882 3841 908 3890 p.
922 3830 980 3878 795.
1004 3867 1036 3876 ..
1054 3825 1153 3889 flatum,
1170 3828 1243 3878 Tad.
1269 3840 1324 3876 uen-

200 3907 256 3963 am,
290 3937 296 3950 .

233 3988 248 4049 §
261 3988 319 4036 357.
342 3981 464 4045 monimus,
476 3984 549 4035 Tad.
572 3981 717 4041 emanabat,
728 3974 779 4045 βγ.
797 3980 832 4031 11.
845 3979 976 4043 Theophr.
991 3980 1009 4029 1.
1021 3979 1039 4029 l.
1052 3985 1076 4040 4,
1089 3985 1113 4029 2.
1125 3995 1150 4043 p.
1165 3983 1222 4030 798.
1242 4019 1273 4028 ..
1290 3977 1324 4026 si-

200 4050 287 4114 dentes,
299 4053 354 4103 Td.
370 4049 483 4113 cedmae,
496 4046 545 4114 (ιβ.
559 4091 590 4101 -
605 4049 749 4114 maniam,
761 4045 785 4098 a'.
799 4045 948 4111 promittunt,
960 4042 1033 4113 ᾱβγ.
1051 4087 1083 4097 ..
1102 4045 1158 4108 iam,
1170 4047 1225 4096 Du.
1243 4044 1324 4107 etiam,

201 4115 275 4185 ᾶβγ.
289 4120 347 4172 Om.
360 4135 380 4169 r.
399 4160 430 4169 ..
441 4118 525 4184 sunqi,
534 4119 670 4183 Theophr.
682 4117 700 4166 1.
712 4116 730 4166 1.
743 4122 768 4178 3,
782 4121 804 4166 5.
816 4130 842 4180 p.
856 4118 912 4166 795.
1303 4154 1307 4161 .

234 4207 249 4268 ξ
262 4210 320 4254 358.
343 4219 377 4266 eo,
390 4220 413 4254 a.
431 4220 511 4267 aeone,
522 4206 555 4255 D.
574 4217 638 4262 eoae,
650 4202 705 4253 Td.
728 4199 766 4260 iia,
778 4200 811 4252 K.
826 4200 898 4263 sune,
910 4201 977 4251 Pint.
995 4199 1110 4263 Vulgata
1121 4199 1215 4262 inepte,
1227 4209 1286 4246 eum
1298 4212 1325 4245 eo

200 4285 253 4323 aon
269 4272 370 4334 habeut,
387 4286 439 4336 quo
449 4272 585 4334 referetur3
603 4285 636 4322 cx
652 4270 880 4336 scripturaram
893 4269 1030 4333 legendam
1042 4281 1096 4319 ease
1108 4266 1227 4318 existimo
1239 4279 1326 4314 aereae
