2896 4792
184 282 246 349 tot
539 297 743 344 utrumuis
765 295 960 344 urs'rotusn

226 451 277 514 21.
299 447 339 514 Iu
360 447 461 514 hortis
480 446 678 527 nascentium
693 447 755 512 alia
769 446 867 513 bulbo
882 445 1143 523 conmendantur‚
1166 446 1228 509 alia
1244 468 1305 512 ca·
1322 465 1350 510 si

182 551 267 638 pite,
301 549 364 615 alia
387 548 491 625 caule,
526 548 590 612 alia
611 547 706 625 folio,
734 548 798 612 alia
818 559 971 631 utroque,
1003 547 1066 613 alia
1087 547 1222 625 semine,
1245 548 1308 613 alia

183 651 320 730 cortice,
349 650 523 726 discute,
550 648 614 713 alia
642 649 844 736 cartilagine,
873 648 937 714 alia
959 670 1069 724 carne,
1100 647 1162 713 alia
1190 647 1307 713 tunicis

183 752 335 818 carnosis.

226 855 276 918 22.
299 853 446 919 Aliorum
467 851 590 917 fructus
611 851 645 916 in
667 862 753 917 terra
768 862 828 930 est,
851 852 986 916 aliorum
1001 861 1034 917 et
1048 861 1150 929 extra,
1173 849 1306 915 aliorum

181 975 247 1019 uon
268 954 330 1020 nisi
357 964 459 1019 extra.
498 949 667 1033 Quaedam
689 951 793 1018 iacent
814 962 1040 1037 crescuntque,
1063 963 1099 1015 ut
1121 951 1307 1017 cucurbitae

182 1066 215 1121 et
236 1054 394 1130 cucumis3
418 1052 530 1119 eadem
552 1052 704 1139 pendent,
726 1075 920 1137 quamquam
934 1053 1083 1140 graviora
1097 1053 1195 1118 multo
1211 1053 1307 1118 etiam

182 1155 223 1221 iis
245 1178 328 1240 quae
350 1154 383 1219 in
405 1153 574 1223 arboribus
595 1153 787 1242 gignuntur3
817 1155 874 1220 sed
896 1154 1040 1220 cucumis
1068 1154 1253 1240 cartilagine
1275 1164 1308 1219 et

184 1279 279 1323 carne
301 1266 443 1334 constat,
472 1254 639 1321 cucurbita
666 1254 782 1321 cortice
804 1266 835 1321 et
862 1254 1065 1341 cartilagine3
1101 1266 1210 1320 cortex
1232 1254 1308 1321 huic

182 1357 239 1423 uni
261 1357 444 1423 maturitate
472 1358 585 1422 transit
606 1357 640 1421 in
660 1357 795 1445 lignum.
833 1356 936 1423 Terra
965 1357 1147 1422 conduntur
1172 1355 1307 1443 raphani
1321 1375 1354 1419 aa

182 1459 323 1546 napique
345 1468 377 1525 et
397 1481 491 1545 rapa,
519 1469 616 1542 atque
638 1458 701 1524 alio
722 1458 816 1524 modo
838 1459 961 1536 inulae,
990 1459 1088 1536 siser,
1111 1459 1306 1544 pastinacae.

184 1558 355 1642 Quaedam
368 1559 554 1626 vocabimus
569 1560 741 1639 ferulacea,
763 1570 800 1624 ut
821 1559 985 1643 anethum,
1007 1560 1145 1635 malvas3
1169 1582 1307 1643 namque

183 1647 313 1728 uadunt
341 1671 487 1726 auctores
518 1661 552 1727 in
583 1660 705 1726 Arabia
733 1660 855 1725 malvas
878 1671 1024 1746 septumo
1045 1683 1156 1726 mense
1177 1659 1306 1726 arbore-

185 1784 274 1830 scere
295 1761 483 1828 baculorum
505 1783 632 1846 quoque
659 1784 754 1826 usum
775 1761 969 1847 praebentis.
1004 1761 1162 1849 Exemplo
1183 1772 1233 1826 est
1253 1784 1306 1825 ar·
1321 1779 1354 1824 aa

184 1863 243 1929 bor
263 1862 369 1928 malva
388 1863 423 1927 in
444 1861 649 1928 Mauretania
669 1861 748 1927 Lixi
768 1862 880 1950 oppidi
901 1862 1073 1941 aestuario,
1097 1862 1154 1929 ubi
1175 1861 1306 1948 Hespe-

184 1963 290 2028 ridum
322 1963 408 2029 horti
439 1963 539 2028 fuisse
572 1963 751 2048 produntur
782 1985 820 2030 cc
853 1986 940 2051 pass.
974 1964 1016 2029 ab
1050 1986 1184 2041 oceano,
1218 1963 1308 2028 iuxta

149 2066 167 2081 ”
185 2063 355 2130 delubrum
375 2064 530 2130 Herculis
551 2064 717 2149 antiquius
739 2062 913 2144 Gaditano,
936 2077 972 2130 ut
994 2066 1119 2141 ferunt3
1141 2065 1214 2150 ipsa
1235 2065 1308 2130 alti-

184 2165 306 2232 tudinis
338 2166 459 2252 pedum
489 2189 553 2242 xx,
586 2165 807 2232 crassitudinis
839 2187 936 2252 quam
967 2149 1187 2252 circumplecti
1215 2188 1308 2232 nemo

185 2267 297 2352 possit
330 2267 369 2331 In
392 2267 486 2333 simili
513 2290 632 2356 genere
653 2267 823 2334 habebitur
844 2279 877 2333 et
898 2269 1062 2334 cannabis.
1098 2266 1169 2333 Nec
1190 2289 1254 2331 non
1275 2277 1309 2332 et

186 2390 321 2434 carnosa
341 2369 448 2453 aliqua
469 2368 714 2455 appellabimus,
737 2380 773 2434 ut
795 2391 955 2456 spongeas
969 2369 1004 2434 in
1017 2392 1130 2435 umore
1144 2381 1308 2455 pratorum

220 2558 235 2621 ς
248 2563 289 2609 61.
315 2557 367 2608 alia
379 2559 561 2611 Μία-αἰῶ
571 2576 654 2623 carne3
667 2563 731 2611 haee
743 2577 782 2610 vv.
792 2561 927 2625 paululum
935 2562 1034 2611 inverso
1044 2561 1131 2610 ordine
1140 2561 1176 2610 ita
1184 2561 1309 2610 exhibent

186 2629 256 2677 aod:
274 2625 326 2675 atta
341 2626 490 2691 cartt'lapine.
516 2627 578 2677 Atia
593 2644 682 2677 carnea
698 2637 804 2692 unoque.
830 2627 892 2677 Atta
907 2627 992 2678 cortice
1007 2635 1050 2676 aut
1060 2635 1112 2676 cute
1123 2636 1146 2676 et
1157 2626 1307 2691 cartiloqt'ne.

185 2695 290 2745 Retinui
301 2711 361 2746 vero
374 2697 512 2759 vulgatam,
525 2697 592 2760 quia,
604 2696 641 2745 uti
653 2711 727 2747 voces
739 2712 829 2745 caraea
840 2703 938 2759 utroque
950 2698 1050 2756 docent,
1064 2711 1171 2758 quarum
1182 2696 1309 2759 posterior

186 2778 224 2879 ep.
235 2764 405 2878 superitorileus
422 2764 611 2879 malama
622 2774 669 2878 opt,
681 2763 921 2882 hdaecotranspnsitio
932 2763 1041 2878 librargs
1046 2764 1138 2880 debili
1151 2763 1256 2881 vidptpp.
1275 2803 1306 2812 -

186 2846 465 2880 aterumcecaac.
602 2846 672 2878 erra
765 2845 1000 2881 mr.-cacorvt
1137 2867 1180 2878 ..
1245 2858 1308 2878 ,ι-

127 2918 132 2927 ·
186 2895 233 2959 tte,
250 2900 294 2948 ad.
320 2938 351 2947 -
376 2867 420 2946 sed
430 2897 532 2946 enormis
542 2868 815 2962 cernimini-cortice
826 2906 849 2947 et
859 2896 1008 2962 cartilaqina
1025 2846 1122 2962 ltpdb.
1147 2845 1191 2944 ald
1206 2896 1309 2945 cucumis

186 2963 335 3028 cartilnqr'ne,
348 2959 462 3028 acdssr.
480 2963 566 3014 Placet
576 2965 677 3015 cucumis
688 2963 838 3030 carn'lupine,
850 2967 883 3016 K.
905 2966 1000 3023 Verba,
1012 2966 1049 3014 nti
1061 2966 1139 3027 vulgo
1151 2966 1309 3028 legebantur,

187 3047 245 3082 curn
257 3033 348 3081 vitiosa
359 3046 414 3081 esse
425 3040 575 3095 agnosceret
583 3033 702 3084 Schneid.
712 3036 745 3084 ad
755 3034 885 3098 Theophr.
897 3035 928 3083 dc
938 3049 1005 3082 caus.
1015 3033 1095 3097 plant.
1105 3032 1126 3080 1.
1139 3038 1178 3092 lo,
1188 3039 1211 3082 4.
1223 3048 1248 3096 p.
1259 3039 1309 3091 ⁴1,

186 3108 288 3162 arrepta
303 3100 457 3162 interpolata
473 3101 597 3164 scriptura
608 3102 633 3151 Κ
648 3103 675 3151 in
691 3103 854 3166 sequentibus
869 3102 973 3165 corrigit
987 3097 1072 3149 &nes
1088 3100 1221 3149 cucurbitae
1233 3107 1310 3164 matta

187 3165 261 3214 ritate
271 3165 336 3224 rell,
348 3181 413 3229 qnae
425 3167 476 3215 iarn
488 3169 575 3217 omnia
587 3183 639 3218 non
650 3170 799 3220 necessaria.

222 3231 237 3293 §
250 3238 291 3283 ot.
317 3232 449 3296 rapietque,
462 3236 506 3284 cd.
526 3276 557 3285 ..
576 3243 647 3298 atque
658 3234 707 3285 clio
718 3234 794 3298 mode,
806 3251 895 3286 omncs
908 3238 981 3286 codd.
994 3244 1020 3285 et
1030 3236 1152 3300 Appulci.
1175 3235 1226 3286 Sed
1237 3236 1310 3284 Brot.

189 3300 287 3352 Petavii
299 3302 468 3351 coniecturam
481 3318 560 3366 caepe,
572 3301 634 3351 allia
645 3303 761 3367 praefert.
782 3345 813 3353 ..
831 3303 973 3365 vocabimus,
985 3305 1067 3354 omitt.
1080 3304 1177 3368 Appul.
1196 3344 1228 3352 -.
1250 3301 1311 3350 mai·

189 3384 240 3423 voe.
252 3367 350 3432 Appul.
372 3408 402 3417 ..
432 3368 565 3418 Moram
577 3386 675 3433 queque,
693 3372 729 3421 ita
744 3387 791 3422 nos
802 3373 955 3436 scripsimus.
982 3369 1168 3434 baculmumque,
1188 3362 1311 3422 Tand.

189 3433 377 3499 accelerantque,
386 3437 483 3500 Appul.
502 3435 647 3497 baculorum,
656 3433 685 3499 β.
700 3480 730 3488 ..
742 3440 888 3503 praebentes,
897 3441 922 3490 K
931 3437 1056 3503 (Appul.)
1066 3440 1188 3501 praebere,
1198 3432 1310 3501 acdssr.

223 3505 238 3567 6
251 3509 291 3553 63.
310 3501 421 3567 exemplo,
430 3506 495 3554 aod.
513 3503 634 3568 exempta,
643 3507 748 3557 Barbar.
761 3515 787 3557 et
794 3520 813 3572 γ
821 3507 888 3557 hanc
898 3521 987 3557 vocem
996 3523 1054 3557 cum
1063 3502 1084 3567 β
1093 3509 1125 3557 ad
1134 3507 1265 3569 superiora
1272 3521 1311 3554 re-

189 3569 306 3621 ferentes.
324 3569 379 3621 Nos
391 3587 486 3621 novam
497 3573 556 3622 hinc
567 3573 701 3637 periodum
713 3575 855 3638 incipimus.
869 3615 901 3624 ..
919 3581 954 3622 est
962 3574 1042 3635 arbor,
1052 3575 1150 3639 Appul.
1168 3571 1211 3622 aed
1218 3573 1312 3631 arbore,

190 3639 254 3689 aod.
280 3636 332 3688 sed
346 3646 369 3687 et
384 3639 457 3688 arbor
469 3648 510 3701 eat,
527 3642 633 3691 Barbar.
648 3637 700 3705 βγ.
726 3639 844 3705 Exemplo
855 3641 886 3691 rit
897 3642 992 3690 arbore
1004 3641 1092 3703 malva,
1109 3642 1216 3693 Salmas.
1229 3655 1311 3690 exerc.

189 3721 215 3770 p.
228 3710 285 3758 206.
298 3707 364 3758 bil.
387 3748 418 3757 ..
441 3705 525 3769 mulce,
538 3709 634 3773 Appul.
659 3750 690 3758 -
713 3708 879 3769 Mauretania,
891 3708 989 3773 Appul.
1017 3708 1255 3769 Mauritaniaacd.
1280 3748 1310 3757 .-

191 3771 252 3823 Lirn‘
261 3771 348 3838 oppido
359 3775 489 3833 aeatucrt'o,
501 3778 567 3826 aed.
585 3773 652 3840 apud
661 3775 752 3826 Linum
764 3775 884 3840 oppidum,
896 3777 993 3841 Appul.
1006 3818 1038 3826 -
1049 3775 1138 3839 fuisse,
1151 3791 1202 3825 om.
1214 3776 1312 3839 Appul.

193 3898 224 3907 -
245 3854 293 3918 00,
305 3861 349 3908 ad.
370 3857 424 3922 00,
440 3861 538 3924 Appul.
563 3858 636 3925 cpia,
654 3862 678 3909 d.
704 3901 734 3910 -.
758 3858 917 3924 circumplecti
934 3876 1012 3921 uento,
1032 3863 1078 3910 ad.
1105 3858 1313 3923 circumplectione,

191 3941 213 3974 c.
236 3924 322 3975 dream
332 3924 447 3990 plectiere
458 3944 503 3988 mo,
515 3927 613 3991 Appul.
633 3968 664 3977 ..
688 3926 797 3976 labendo
808 3936 849 3984 eet,
862 3929 959 3992 Appul.
978 3969 1009 3978 ..
1033 3925 1093 3989 alia,
1106 3929 1194 3977 Dalec.
1214 3967 1244 3976 ..
1268 3943 1314 3989 ap-

189 3991 415 4057 milevitanae.-
433 4002 590 4055 nomentano.
604 4036 634 4044 -
654 3993 795 4056 enim,acd.
814 3996 969 4060 autAppul.
984 4037 1014 4044 ..
1033 3992 1313 4059 ηαίιιναηι,ᾱ(Αρριι1.)

194 4102 225 4111 -
243 4059 397 4122 dirimatis,
410 4069 450 4113 31.
470 4104 500 4112 -
517 4061 592 4126 paulo
603 4065 729 4126 autema
742 4078 811 4126 seqq.

226 4128 294 4191 §ot
324 4128 495 4258 Cartint‘aum
506 4129 607 4194 petieris,
623 4122 742 4181 OTacd.
766 4128 986 4195 Decartilopinum
998 4146 1091 4196 perere,
1107 4130 1204 4195 Appul.
1234 4126 1313 4178 Carti-

194 4195 283 4262 lapiaei
291 4197 391 4262 pencris,
429 4212 453 4262 γ.
480 4239 509 4247 ..
538 4197 674 4262 contipitei,
687 4201 749 4248 aod.
777 4198 896 4263 canapo,
909 4200 1006 4264 Appul.
1030 4240 1060 4248 -
1089 4213 1216 4258 erearum,
1234 4199 1257 4246 d.
1284 4238 1312 4245 ,

193 4263 300 4325 olitoria,
310 4265 346 4314 ita
355 4279 402 4315 nos
411 4266 563 4330 scripsimus.
582 4263 680 4328 clitoris,
690 4280 711 4316 c.
730 4264 858 4330 etiterum,
868 4262 960 4333 adssr.
976 4266 1130 4331 promvebat
1143 4264 1202 4314 retia
1211 4265 1236 4314 in
1243 4263 1314 4314 solem
