2896 4792
132 232 172 295 22
481 247 684 295 uaruuams
707 246 902 293 mesonma

173 396 292 463 XXII.
314 398 364 463 34.
389 395 526 464 Ceterae
547 420 656 465 omnes
678 410 773 463 extra·
790 398 971 489 praedictas
982 453 1022 462 -
1035 399 1149 464 etenim
1162 421 1245 465 enu·
1260 418 1291 463 sa

131 523 255 566 merare
276 499 410 588 longum
432 510 480 566 est
501 555 540 564 ..
561 500 636 566 folia
662 499 857 587 deperdunt,
887 499 1155 585 observatumque
1182 523 1247 567 non

132 623 278 669 arescere
303 601 366 667 nisi
394 602 502 669 tenuia
530 613 562 667 et
583 602 649 669 lata
669 611 701 667 et
722 601 843 681 mollia,
872 624 955 686 quae
975 624 1138 668 veronen
1160 602 1246 669 deei-

134 704 227 783 dant,
257 703 336 770 callo
363 725 472 771 crassa
499 715 531 770 et
559 713 697 793 angusta
717 725 798 769 esse.
833 701 931 768 Falsa
952 703 1096 781 definitio·
1114 715 1164 770 est
1183 728 1248 771 non
1292 790 1295 795 Ι

135 805 284 873 decidere
304 806 356 872 his
377 829 514 891 quarum
534 805 682 891 pinguior
704 828 799 871 sucus
821 805 878 883 sit3
902 805 974 890 quis
996 806 1081 873 enim
1094 815 1200 892 potest
1214 806 1249 872 in

134 907 206 975 ilice
227 908 434 998 intellegere?
454 907 617 975 Desidere
638 907 789 973 Timaeus
810 907 1052 974 mathematicus
1073 909 1139 975 sole
1160 930 1249 974 seor·

133 1010 262 1098 pionem
283 1021 468 1076 transeunte
495 1009 610 1075 sideris
632 1009 665 1076 vi
686 1019 719 1075 et
738 1009 878 1093 quodam
899 1033 1022 1076 veneno
1042 1010 1126 1076 aeris
1139 1021 1233 1097 putet
1239 1034 1249 1089 3

134 1135 192 1178 cur
223 1135 301 1199 erge
329 1135 392 1178 non
419 1111 532 1178 eadem
560 1133 658 1179 causa
683 1111 853 1177 adversum
879 1111 982 1177 omnis
1010 1112 1149 1197 polleat,
1179 1112 1251 1179 iure

134 1213 296 1280 miremur.
340 1210 469 1279 Cadunt
493 1212 650 1299 plurumis
676 1224 844 1290 autumno,
872 1214 1029 1297 quaedam
1057 1213 1179 1280 tardius
1200 1224 1250 1279 at·
1264 1228 1296 1275 aa

135 1336 199 1399 que
225 1315 259 1380 in
285 1313 407 1381 hiemes
438 1326 614 1402 prorogant
644 1336 765 1392 moras,
801 1336 905 1398 neque
935 1314 1069 1381 interest
1096 1315 1252 1381 maturius

134 1416 344 1503 germinasse,
366 1426 477 1504 utpote
499 1439 574 1483 eum
592 1416 752 1510 quaedam
772 1417 894 1504 primae
911 1417 1091 1504 germinent
1113 1429 1146 1485 et
1166 1416 1251 1482 inter

136 1517 327 1588 nodasimas
349 1518 521 1598 nudentur,
542 1527 579 1583 ut
591 1517 790 1606 amygdalae,
812 1518 940 1598 fraxini,
961 1517 1120 1595 sambuci3
1142 1538 1251 1583 morus

136 1632 245 1687 autem
264 1619 439 1687 novissima
459 1618 628 1708 germinat,
649 1643 722 1687 eum
742 1619 854 1706 primis
869 1620 946 1688 folia
959 1617 1099 1685 dimittit.
1126 1617 1251 1708 Magna
1265 1635 1297 1681 su

137 1732 171 1789 et
191 1721 225 1791 iu
246 1721 308 1788 hoc
329 1721 378 1787 vis
400 1721 475 1800 soli3
498 1722 588 1808 prius
610 1720 763 1788 decidunt
782 1721 816 1787 in
837 1723 929 1791 siccis
950 1720 1129 1806 macrisque
1149 1731 1183 1786 et
1195 1743 1251 1787 vs·

138 1834 243 1889 tustae
258 1824 348 1908 prius
363 1822 480 1902 arbori,
496 1823 605 1888 multis
620 1823 716 1889 etiam
730 1834 899 1910 antequam
912 1833 1104 1889 maturescat
1116 1822 1251 1902 fructus,

137 1936 175 1992 ut
200 1923 356 1990 serotinae
382 1926 445 1991 lieo
472 1934 505 1990 et
530 1925 681 1992 hibernae
707 1925 793 2012 pir0;
822 1935 853 1991 et
873 1926 956 1991 malo
977 1936 1147 2013 granatum
1167 1923 1253 2009 quod

137 2039 188 2095 est
207 2049 337 2114 pomum
360 2037 483 2092 tantum
504 2026 643 2114 adspicit
664 2038 808 2094 matrem.
836 2027 950 2112 Neque
970 2027 1021 2094 his
1042 2039 1149 2093 autem
1171 2049 1253 2112 quae

138 2150 264 2215 semper
291 2129 431 2195 retinent
456 2152 563 2196 eomas
589 2128 702 2196 eudem
729 2129 805 2195 folia
826 2130 957 2209 durant3
988 2129 1254 2196 subnascentibus

138 2231 209 2298 aliis
231 2242 300 2296 tum
319 2242 475 2296 arescunt
485 2241 604 2311 vetera,
626 2231 713 2315 quod
727 2232 833 2297 evenit
847 2230 932 2296 circa
946 2231 1081 2298 solstitia
1094 2253 1252 2297 maxume.

172 2332 232 2412 35.
254 2331 422 2400 Foliorum
435 2333 542 2399 unitas
556 2332 591 2399 in
606 2355 664 2399 suo
678 2331 794 2416 cuique
808 2355 926 2421 genere
940 2345 1105 2419 permanet
1115 2334 1254 2418 praeter-
1268 2349 1299 2393 ss

138 2455 235 2518 quam
257 2434 386 2520 populo,
408 2433 555 2513 hederae,
580 2434 703 2501 crotoni
721 2456 820 2518 quam
840 2444 872 2499 et
893 2433 955 2500 eici
976 2434 1116 2500 diximus
1137 2433 1254 2500 vocam.

139 2536 280 2621 XXIII.
307 2536 424 2621 Populi
453 2536 515 2603 tria
535 2561 671 2627 genera:
700 2536 774 2604 alba
795 2560 834 2603 ac
855 2537 950 2627 nigra
970 2548 1003 2605 et
1023 2561 1106 2623 quae
1127 2536 1256 2623 Libyes

139 2639 328 2727 appellatur,
349 2638 492 2707 minuma
510 2639 587 2709 folio
606 2663 646 2707 ac
659 2639 832 2730 nigerrima
844 2640 1018 2729 fungisque
1032 2639 1255 2708 enascentibus

173 2814 241 2875 §82
265 2828 397 2874 aucteurs,
413 2829 435 2863 a.
455 2853 486 2864 -
511 2812 634 2879 bnpume,
651 2817 676 2864 d.
702 2809 886 2878 lonqum,ass7.
904 2854 936 2862 -
960 2810 1181 2871 deciduntur...
1200 2808 1255 2871 piu

138 2879 352 2944 cadumumad.
369 2881 580 2947 auccmpinpuier,
591 2877 642 2946 βγ.
661 2921 693 2931 ..
712 2880 816 2945 own
834 2878 878 2942 aui,
891 2883 927 2930 α’.
946 2920 978 2928 -
995 2887 1025 2940 et,
1041 2872 1139 2928 ouen.
1156 2875 1213 2927 Om.
1225 2869 1255 2936 β.

140 2987 172 2999 ..
191 2947 393 3006 ammonariae.
411 2948 581 3010 amoenans,
595 2949 647 2999 Td.
666 2988 697 2997 -
712 2954 787 3012 putet,
799 2949 836 2998 ⁸¹.
856 2987 885 2997 ..
904 2945 1025 3006 αάυενειιε,
1041 2939 1071 2994 θ.

174 3017 188 3079 ξ
201 3021 241 3065 83.
256 3012 362 3078 plurimi,
374 3030 397 3064 a
416 3016 536 3067 Ceterum
547 3018 573 3066 h.
585 3016 603 3066 l.
616 3016 740 3080 signifieat
751 3015 820 3066 Serv.
832 3018 864 3065 ad
873 3014 971 3078 Vergil.
988 3015 1054 3064 Aen.
1068 3018 1091 3073 6,
1104 3014 1170 3072 309.,
1187 3025 1255 3060 snm·

47 3093 50 3113 ¹
139 3093 184 3147 pta
199 3097 259 3133 vero
276 3091 335 3133 sunt
352 3085 438 3133 omnia
450 3101 483 3135 ex
495 3085 627 3149 Theophr.
639 3084 656 3134 1.
669 3084 687 3133 l.
700 3082 721 3132 Ι.
735 3088 759 3145 9,
772 3089 795 3134 6.
816 3122 845 3132 -
869 3080 970 3142 tardius,
985 3097 1008 3130 a
1035 3077 1128 3129 tardius
1138 3077 1256 3138 amitant,

140 3145 211 3214 ᾱβγ.
231 3191 262 3199 ..
281 3149 384 3214 lumem,
396 3153 484 3204 Dalee.
504 3193 536 3202 ...
554 3167 634 3215 neque,
649 3145 736 3200 θεᾶν.
763 3167 811 3212 nee,
823 3145 852 3211 β.
870 3191 902 3199 ..
922 3148 1063 3213 permiscet,
1075 3165 1098 3198 a.
1116 3187 1147 3196 ..
1165 3145 1256 3207 εαὸυοί,

139 3233 167 3280 a3
179 3233 203 3266 v.
215 3221 247 3268 ad
260 3221 274 3283 ξ
289 3225 345 3270 103.
365 3261 396 3269 -
414 3228 501 3282 eutem,
513 3223 536 3270 d.
560 3217 633 3281 laud,
650 3234 673 3269 a.
696 3221 734 3270 At
744 3234 768 3268 v.
780 3221 795 3283 ς
809 3221 865 3279 102·
888 3218 950 3278 itan,
961 3217 1048 3267 Delec.
1068 3256 1099 3265 ..
1121 3212 1256 3275 cuchema,

141 3287 232 3338 Tadu.
250 3287 380 3349 nonaum,
391 3283 421 3350 β.
439 3329 471 3339 ...
490 3295 582 3346 etcum,
593 3287 682 3338 Dulce.

142 3350 152 3407 .’
174 3356 241 3418 §sa
259 3353 323 3417 sota,
335 3372 359 3406 a.
377 3398 409 3406 -
428 3362 549 3417 venuwte,
564 3347 613 3406 θα.
632 3395 663 3405 ..
687 3361 719 3415 ut,
733 3356 757 3403 d.
779 3351 818 3415 Iu,
830 3348 901 3419 ufir.
913 3393 945 3402 ..
962 3350 1070 3413 serotine,
1082 3353 1128 3401 ad.
1145 3349 1258 3412 secana,

139 3417 191 3487 βγ.
208 3463 240 3472 ..
251 3421 311 3485 fico,
327 3416 397 3475 θεὰ.
408 3423 471 3486 fleu,
482 3418 533 3487 βγ.
552 3463 583 3471 -
602 3421 720 3482 hibernus,
733 3424 766 3472 D.
785 3420 890 3483 libanu,
902 3414 973 3485 apis.
991 3418 1095 3482 hiberno,
1108 3422 1132 3469 d.
1144 3460 1176 3469 ..
1195 3416 1258 3467 malo

138 3497 266 3554 munuum
278 3489 342 3555 qued
356 3499 398 3554 est,
415 3507 438 3540 a.
456 3488 693 3555 mabyrunutumque
706 3496 747 3551 est,
758 3491 793 3540 D.
811 3487 1001 3554 malueruuutum
1017 3495 1059 3547 est,
1071 3490 1095 3537 d.
1121 3484 1184 3535 malo
1199 3502 1258 3551 yru-

140 3565 197 3606 nuto
208 3565 249 3621 est,
260 3555 310 3625 βγ.
331 3601 362 3609 ..
385 3557 478 3622 aspicit,
490 3573 513 3606 a.
531 3556 616 3620 aspici,
629 3552 700 3621 ᾱβγ.
720 3597 751 3606 ..
770 3564 875 3618 mausus,
891 3557 926 3607 itu
942 3571 989 3606 nos
1002 3556 1153 3619 scripsimus.
1171 3554 1196 3603 in
1207 3570 1259 3603 mu·

141 3634 206 3687 cern,
218 3641 241 3677 a.
263 3627 287 3676 in
302 3635 385 3689 matre,
398 3621 470 3690 dstr.
490 3666 521 3676 ..
538 3624 737 3686 subnascentibus,
748 3641 771 3674 a.
791 3622 834 3673 sed
848 3623 1044 3687 mbuuseentsbus,
1062 3619 1133 3688 ᾱβγ.
1158 3664 1188 3672 -
1211 3619 1258 3671 sel-

139 3694 217 3755 str'n'c,
237 3687 350 3747 OTadr.
376 3692 512 3755 sublitium,
528 3686 557 3752 β.
580 3734 611 3742 ..
635 3691 743 3741 mumma
767 3691 899 3755 Foliorum,
919 3686 1034 3743 OTadr.
1061 3690 1171 3742 Maxime
1182 3689 1258 3755 solio-

140 3778 200 3823 rum,
234 3799 240 3812 .

174 3829 189 3890 δ
202 3837 242 3882 85.
265 3828 387 3880 Foliorum
402 3828 490 3889 unitas,
506 3843 531 3878 v.
544 3829 674 3892 Theophr.
692 3830 710 3878 1.
722 3830 740 3878 l.
758 3828 780 3877 Ι.
794 3834 834 3887 to,
850 3835 871 3879 l.
890 3870 921 3879 -
944 3827 1052 3889 ricinum
1063 3828 1167 3877 Barbar.
1179 3829 1213 3878 K.
1227 3868 1258 3876 -

141 3896 244 3946 dirinma
257 3904 297 3958 15,
310 3903 351 3947 25.
371 3937 402 3947 ..
429 3911 459 3944 uc
473 3895 551 3959 niqra,
571 3889 642 3947 θεὰ.
669 3892 788 3961 πίρναβ.
807 3938 839 3946 -
861 3894 1020 3961 appellantur,
1033 3898 1077 3946 ad.
1096 3936 1127 3944 -
1149 3910 1259 3944 armoen-

143 3965 212 4024 tibua,
224 3968 287 4016 ud2.
304 3963 459 4024 nascenubua,
471 3966 508 4013 d¹.
526 3964 722 4014 menacentrbus.
743 3963 927 4014 Laudetissu'mu
938 3963 1002 4025 olba,
1014 3981 1034 4014 r.

175 4036 190 4098 ξ
203 4040 243 4085 86.
261 4031 389 4096 asprosque
400 4039 422 4080 et
433 4031 529 4092 mamni,
540 4032 601 4082 KT.
620 4033 748 4096 nubrueque
759 4040 782 4081 et
792 4032 875 4092 octeni,
887 4036 911 4083 d.
934 4032 1062 4097 uu'qrcaque
1072 4039 1095 4079 at
1105 4039 1165 4091 ceta,
1178 4047 1200 4081 a.
1223 4030 1258 4080 ui-

141 4116 244 4165 9rueque
257 4107 280 4147 et
290 4106 374 4159 cotum,
388 4090 417 4148 θ.
440 4097 567 4163 clusaeque
578 4107 605 4147 ut
615 4100 712 4160 erotem,
722 4096 752 4161 β
772 4142 803 4150 -
822 4100 847 4149 in
859 4100 960 4163 iuuante,
972 4117 995 4151 a.
1018 4100 1042 4150 in
1055 4099 1164 4159 iumenta,
1176 4102 1200 4150 d.
1214 4098 1259 4161 fo·

143 4167 178 4216 lio
189 4167 213 4216 in
226 4166 326 4227 iuuenta,
337 4161 388 4230 βγ.
401 4208 433 4217 ..
447 4166 600 4229 circinnatuc,
611 4185 634 4218 a.
648 4209 679 4218 ..
692 4166 780 4233 hnuyu
791 4167 875 4229 euolat,
888 4172 950 4220 adr.
969 4167 1062 4234 lonuqu
1075 4166 1173 4227 Evolat,
1183 4162 1214 4227 β.
1227 4207 1258 4215 ..

143 4232 295 4286 candidae..
303 4242 326 4283 et
337 4243 362 4284 ut
373 4233 432 4299 villi,
444 4232 550 4289 Salmas.
563 4252 644 4287 exere.
663 4252 687 4301 p.
697 4241 755 4288 233.
767 4253 791 4287 a
804 4237 833 4288 O.
845 4238 919 4290 Hane
930 4253 989 4289 vero
1000 4239 1171 4288 coniecturam
1182 4235 1260 4285 Plinii
