2896 4792
423 312 493 359 um.
509 313 569 359 xx.
601 310 679 359 cnr.
696 312 771 358 xiv,
799 309 897 357 sacr.
912 311 994 356 u-u.
1201 295 1263 359 327

143 463 213 530 voci
228 484 306 528 suco
321 463 381 528 sub
405 464 578 530 certamine
600 462 688 528 utilis
710 463 886 540 dumtaxat,
908 462 964 546 qui
986 473 1019 527 et
1040 463 1264 550 gargarizatur

142 587 208 631 uva
236 574 379 630 tumente
406 563 532 630 adiecta
557 574 630 628 ruta
657 575 690 629 et
717 562 885 629 coriandro
912 584 953 628 ex
979 563 1072 630 lecte.
1110 563 1211 630 Utilis
1232 574 1265 631 et

142 675 255 733 contra
282 665 425 731 tonsillas
455 687 528 731 cum
553 664 708 741 alumine,
739 663 870 751 linguae
897 685 1032 750 asperae
1060 687 1134 730 cum
1161 664 1265 742 melle,

142 778 176 834 et
197 767 349 832 convolsa
368 767 456 831 intus
477 787 536 851 per
557 787 593 831 se
614 764 764 849 vitiisque
778 766 953 851 pulmonis3
983 765 1144 853 singultus
1160 776 1192 833 et
1207 789 1264 833 vo-

141 867 292 934 mitiones
314 866 400 933 sistit
421 890 495 934 cum
522 888 599 933 suco
627 867 769 954 granati,
803 877 839 932 ut
865 866 1071 932 Democritus
1098 878 1265 934 monstrat.

141 968 293 1035 Recentis
315 991 413 1035 sucus
435 968 560 1034 narium
582 968 660 1034 vitia
682 967 798 1054 spiritu
821 967 999 1033 subductus
1013 969 1172 1049 emendat,
1194 970 1266 1057 ipsa
1281 985 1329 1034 rso
1356 1010 1358 1017 ·

143 1070 220 1136 trita
252 1069 413 1149 choleras,
445 1070 480 1135 in
506 1079 597 1135 aceto
624 1069 756 1154 quidem
782 1080 875 1154 pota,
906 1068 1073 1155 sanguinis
1098 1068 1265 1136 fluctiones

141 1171 245 1251 intus,
267 1171 364 1238 ileum
386 1172 482 1237 etiam
503 1170 645 1256 inposita
666 1164 740 1236 cum
760 1171 890 1256 polenta
911 1179 944 1235 et
965 1169 993 1234 si
1014 1193 1172 1236 mammae
1194 1181 1265 1237 ten-

141 1272 271 1338 dantur.
293 1273 443 1337 inlinitur
465 1282 498 1338 et
519 1270 718 1357 temporibus
738 1271 773 1336 in
795 1270 912 1356 capitis
933 1271 1054 1349 dolore,
1077 1272 1212 1337 sumitur
1233 1285 1266 1341 et

142 1385 254 1440 contra
282 1375 508 1460 scolopendras
535 1384 569 1439 et
596 1373 783 1458 scorpiones
810 1374 952 1439 marinos
975 1384 1008 1439 et
1029 1373 1072 1437 ad
1093 1374 1264 1460 serpentis3

141 1475 304 1562 epiphoris
336 1475 480 1542 inlinitur
508 1486 542 1540 et
570 1474 718 1541 omnibus
739 1474 773 1538 in
795 1475 899 1561 oepite
921 1474 1159 1558 eruptionibus,
1188 1474 1265 1540 item

141 1578 227 1643 sedis
256 1577 353 1644 vitiis.
382 1577 607 1665 Intertrigines
634 1598 781 1661 quoque,
817 1575 869 1642 vel
897 1575 926 1642 si
953 1585 1101 1642 teneatur
1130 1583 1325 1651 tantum,151

141 1679 306 1764 prohibet;
328 1678 461 1746 auribus
483 1678 656 1744 instillatur
679 1700 754 1744 cum
774 1677 889 1742 mulso.
922 1676 1025 1743 Aiunt
1047 1686 1079 1742 et
1099 1674 1174 1740 lieni
1195 1697 1264 1741 me-

139 1779 210 1844 deri
232 1801 305 1845 cam
323 1780 359 1845 in
379 1780 472 1846 horto
494 1790 658 1866 gustatam
679 1778 780 1845 itane
795 1778 941 1858 vellatur,
965 1778 992 1844 si
1006 1779 1035 1844 is
1049 1778 1106 1862 qui
1120 1775 1266 1842 mordeat

140 1881 230 1946 dicat
250 1902 286 1946 se
307 1881 382 1946 lieni
403 1880 542 1960 mederi,
570 1903 630 1967 per
657 1881 728 1947 dies
749 1904 803 1959 1x;
837 1881 947 1946 aridae
975 1901 1104 1965 quoque
1130 1879 1264 1944 farinam

140 1981 243 2047 tribus
270 1982 380 2069 digitis
408 1983 643 2069 adprehensam
672 1993 706 2048 et
734 1983 889 2049 stomachi
918 1982 1059 2049 dolorem
1092 1981 1203 2047 sedare
1230 1979 1265 2044 in

139 2103 225 2166 aque
238 2094 271 2149 et
290 2084 436 2150 similiter
455 2085 642 2171 adspersam
657 2084 780 2172 potioni
794 2084 915 2151 ventris
929 2084 1078 2150 animalis
1092 2083 1263 2169 expellere.

182 2186 233 2250 54.
255 2185 381 2274 Magna
404 2188 540 2253 societas
562 2209 635 2253 cum
657 2185 718 2251 hec
738 2186 782 2251 ad
795 2185 988 2252 recreandos
1002 2185 1142 2251 defectos
1157 2182 1264 2249 animo
1279 2205 1327 2250 152

34 2338 37 2342 .
139 2285 263 2370 puleio,
293 2310 366 2353 cum
389 2289 526 2352 surculis
548 2287 615 2352 suis
636 2287 672 2351 in
693 2287 853 2374 ampullas
874 2288 992 2354 vitreas
1014 2286 1096 2352 aceti
1118 2286 1263 2370 utrisque

139 2384 291 2462 deiectis3
314 2408 378 2470 qua
399 2388 440 2453 de
462 2410 560 2453 causa
580 2388 709 2473 dignior
723 2410 741 2452 e
755 2389 863 2472 puleio
878 2410 995 2454 corona
1011 2386 1152 2453 Varroni
1166 2407 1263 2469 quam

139 2507 255 2551 erosa
275 2487 433 2554 cubiculis
454 2488 574 2554 nostris
596 2488 803 2573 pronuntiata
825 2500 882 2554 est.
909 2488 993 2552 Nam
1015 2499 1046 2554 et
1067 2486 1182 2572 capitis
1204 2486 1262 2551 do·

138 2584 224 2652 lores
251 2587 391 2675 inposita
418 2589 536 2656 dicitur
560 2590 685 2668 levare3
720 2589 799 2674 quin
827 2600 860 2656 et
881 2590 1021 2655 olelectu
1043 2588 1149 2675 capita
1177 2585 1261 2653 tueri

139 2741 216 2789 qnam
228 2729 259 2777 de
271 2731 468 2791 medicamentis,
480 2734 525 2781 sed
533 2737 677 2780 constanter
686 2733 718 2781 de
728 2731 831 2780 medicis
840 2731 944 2780 dicatur.
962 2729 994 2777 In
1003 2729 1096 2778 talibus
1105 2728 1127 2778 si
1137 2727 1198 2790 quid
1207 2734 1263 2777 ten·

139 2802 193 2845 ture
209 2796 277 2857 licet,
294 2799 454 2849 scribendum
469 2800 533 2849 mihi
544 2800 655 2849 videtur:
671 2797 777 2862 impetus.
794 2796 913 2848 Dalion
925 2804 948 2846 et
959 2795 1061 2846 uomicas
1073 2793 1157 2845 uuluae
1169 2793 1263 2843 curauit

139 2859 183 2909 iliu
200 2870 227 2910 et
241 2863 369 2914 iocinerum
383 2866 449 2916 vitiu.
476 2868 574 2917 Dalion
589 2867 635 2916 ille
647 2867 758 2916 medicus
771 2868 803 2916 ab
815 2867 871 2929 ipso
883 2866 970 2916 Plinio
983 2865 1010 2913 in
1021 2865 1103 2914 indice
1115 2863 1191 2913 huius
1202 2863 1262 2912 libri

139 2930 204 2980 inter
219 2940 335 2984 suctores
350 2936 509 2996 nominatur,
526 2943 552 2984 et
567 2949 626 2984 cum
638 2935 665 2983 in
677 2936 733 2984 cod.
745 2933 892 2996 ascriptum
904 2935 937 2984 sit
948 2931 1155 2995 impetuairatione,
1171 2930 1263 2980 ultima

139 2998 225 3048 littera
236 3016 248 3048 e
261 3009 317 3052 orta
328 3010 367 3053 est
378 3018 411 3052 cx
423 3005 539 3066 sequenti
551 3003 645 3066 copula
656 3009 686 3065 et,
698 3003 782 3051 littera
792 3019 805 3049 s
816 3002 884 3051 male
895 3017 911 3051 a
922 3017 969 3052 sua
979 3015 1041 3050 voce
1053 3000 1152 3049 divulsa
1164 2999 1263 3048 transiit

139 3067 172 3114 ad
183 3081 292 3129 sequens
303 3085 405 3133 nomen,
418 3072 489 3121 ouius
501 3073 583 3135 primu
592 3070 677 3120 littera
688 3068 706 3118 d
716 3085 777 3118 casu
789 3079 828 3119 est
838 3078 937 3119 mutate
947 3070 974 3119 in
986 3067 1022 3131 ir;
1038 3070 1069 3117 de
1081 3066 1091 3116 1
1101 3073 1126 3116 et
1138 3074 1147 3115 t
1159 3068 1225 3117 inter
1236 3081 1263 3116 se

139 3133 254 3184 confusis
270 3136 360 3187 litteris
377 3154 429 3188 non
441 3146 486 3199 cst,
504 3140 573 3202 quod
590 3139 733 3202 loquamur.
758 3136 946 3200 copulassem
958 3137 1018 3185 etin
1030 3131 1052 3198 β
1063 3143 1177 3185 servatae
1187 3135 1262 3185 vesti-

139 3201 209 3263 gium
222 3210 306 3252 exstat
317 3205 344 3254 in
355 3208 412 3254 cod.
424 3222 447 3266 u,
459 3207 503 3256 ubi
514 3203 554 3264 itti
564 3206 666 3268 legitur.
679 3244 712 3254 ..
729 3202 808 3266 multo,
821 3207 845 3254 (1.
858 3245 889 3254 -
907 3202 1096 3266 exscreentibu33
1109 3204 1151 3252 hic
1163 3203 1263 3254 dativus

139 3282 197 3315 cum
206 3283 258 3317 uon
266 3271 367 3332 hebeat,
376 3274 444 3321 unde
455 3275 571 3335 pendeat,
583 3273 721 3322 certissima
732 3273 908 3322 emendatione
919 3273 1057 3334 legendum
1069 3286 1172 3321 censeo:
1185 3268 1263 3332 datis,-

140 3331 235 3382 dauuu't
250 3335 305 3384 item
316 3339 361 3388 rel.
385 3339 499 3390 Verbum
511 3340 587 3403 paulo
599 3340 687 3399 rarius,
704 3339 773 3402 quod
784 3355 869 3389 rursus
881 3341 908 3389 iu
919 3354 946 3388 rc
958 3340 1057 3388 medica
1068 3340 1183 3388 adhibuit
1194 3338 1272 3388 Ptin.-

140 3407 181 3462 25,
199 3408 239 3453 58.
265 3402 391 3455 Themison
409 3406 476 3455 binus
491 3422 537 3455 non
552 3404 654 3470 amplius
669 3404 797 3454 drachmas
814 3404 917 3469 detavit,
933 3406 1107 3456 oblitteratum
1119 3415 1157 3456 est
1168 3406 1263 3456 vicinis

140 3477 166 3519 et
176 3475 347 3534 praecedentis
359 3483 385 3524 et
396 3475 524 3538 sequentis
536 3475 614 3524 vocis.
632 3472 760 3536 Serapion,
772 3474 852 3523 Herd.
871 3514 902 3522 -
920 3472 1047 3536 capitibus,
1059 3473 1090 3522 Τ.

173 3540 188 3602 ξ
203 3545 258 3590 149.
284 3558 347 3604 suco,
359 3543 434 3592 Tad.
451 3559 541 3603 succus,
552 3538 604 3605 βγ.
623 3582 655 3591 ..
673 3538 741 3589 utils's
751 3541 793 3590 sub
805 3540 940 3601 certamine,
952 3540 1005 3591 Td.
1018 3581 1049 3590 ..
1066 3539 1262 3606 perpendimur,

143 3598 172 3655 θ.
192 3648 222 3657 ..
246 3609 399 3671 etconuulsa,
416 3612 461 3661 ad.
485 3607 648 3671 adconvulsa,
659 3604 711 3724 βέ.
732 3608 799 3658 Huic
810 3609 867 3658 voci
878 3607 990 3658 conuulsa
1001 3610 1098 3660 addunt
1109 3624 1199 3658 vocem
1211 3607 1262 3656 eius

140 3674 185 3723 ed.
203 3716 235 3724 ..
254 3683 277 3724 et
288 3678 430 3740 vomitiones,
443 3695 465 3728 a.
483 3685 510 3726 ut
521 3676 664 3737 vomitiones,
707 3677 730 3726 d.

174 3740 188 3800 5
203 3748 259 3793 150.
284 3744 378 3808 spiritu,
391 3762 408 3794 a
418 3743 503 3809 (codd.
516 3743 587 3808 Gel.)
604 3744 711 3809 spiritus,
724 3744 749 3793 d.
767 3783 798 3793 ,
820 3741 955 3806 subductus,
967 3747 1004 3796 ad
1015 3742 1101 3808 (codd.
1114 3740 1184 3804 Gel.)
1206 3743 1261 3792 sub-

140 3805 217 3869 ducto,
229 3810 262 3860 K.
281 3852 313 3860 -
331 3813 411 3873 etiam,
424 3830 446 3863 a.
465 3830 563 3877 quoque,
574 3816 598 3864 d.
617 3854 648 3863 -
667 3804 938 3876 epiphonemata&

173 3878 188 3939 §
202 3882 259 3927 151.
285 3877 417 3929 instillatur
428 3896 479 3930 cum
491 3880 572 3943 mulso,
584 3884 628 3930 ad.
647 3896 698 3930 cum
710 3878 785 3928 mulso
796 3877 935 3942 instillatur,
946 3877 997 3944 βγ.
1017 3920 1048 3930 ..
1068 3879 1122 3942 lien,
1135 3881 1159 3929 d.
1179 3919 1210 3928 ..
1229 3877 1261 3938 in,

140 3944 222 3992 omitt.
235 3946 280 3994 ad.
299 3985 331 3995 ..
349 3945 470 4010 evellatur,
482 3951 506 3999 d.
525 3989 556 3998 ..
566 3948 678 4013 farinae,
691 3963 714 3997 a.
732 3948 874 4011 Exscripsit
884 3949 949 3998 haec
960 3950 1028 4000 Plin.
1041 3947 1127 3998 Valer.
1141 3953 1165 4004 4,
1178 3952 1218 3996 23.
1229 3985 1260 3994 ..

139 4008 229 4072 sedari,
239 4014 263 4062 d.
277 4053 308 4062 ..
321 4013 345 4061 in
357 4029 414 4077 qua,
423 4017 448 4064 d.
462 4055 494 4064 -
510 4014 649 4080 adspersrm
658 4014 759 4080 potioni,
770 4017 807 4066 ita
818 4031 866 4066 nos
878 4017 1031 4080 scripsimus.
1049 4029 1149 4078 aspersu
1156 4011 1261 4078 petione,

140 4078 171 4126 Τ.
190 4095 278 4142 aspera
286 4080 390 4144 potione,
402 4083 447 4131 ad.
465 4098 548 4145 aspere
556 4084 659 4146 pou'one,
673 4077 701 4133 θ.
719 4098 842 4147 asperam
851 4082 876 4132 in
881 4083 1009 4146 potionem,
1021 4077 1073 4145 βγ.

174 4144 189 4206 §
204 4151 260 4197 152.
287 4146 389 4212 defectos
399 4148 487 4212 animo,
499 4166 522 4200 a.
540 4149 646 4215 defectus
656 4150 738 4211 animi,
752 4153 775 4200 d.
793 4150 870 4199 animi
881 4148 994 4214 desectus,
1006 4150 1038 4199 Τ.
1054 4151 1095 4200 De
1105 4164 1133 4198 re
1146 4164 1168 4199 v.
1183 4149 1260 4200 Dios-

139 4220 220 4264 corss
241 4222 282 4266 30.
302 4256 334 4266 -
351 4216 410 4276 suis,
422 4231 474 4267 om.
485 4219 518 4269 Κ.
538 4259 568 4268 -
587 4217 748 4282 utriusquae
766 4258 798 4268 -
816 4233 912 4279 corona,
924 4219 978 4269 Td.
996 4224 1087 4280 eunuc,
1098 4233 1122 4269 s.
1141 4258 1173 4269 ..
1198 4215 1261 4267 Var-

139 4297 201 4351 roni,
214 4251 292 4335 ira.
311 4283 409 4348 larua
420 4298 444 4336 a.
462 4285 583 4351 unaque,
594 4282 623 4348 β.
643 4324 675 4335 -
692 4300 757 4348 nu,
772 4277 873 4336 erae.
890 4280 1022 4350 minir-
