2896 4792
173 276 235 341 398
525 288 947 339 unrumn1smsron1m
1042 344 1045 353 ,

173 464 276 533 genus
297 442 385 530 quod
406 441 571 528 euripicen
594 453 726 520 vocant3
760 442 856 510 huius
878 442 997 508 semine
1020 463 1167 509 somnum
1193 443 1309 523 adlici,

174 545 232 613 sed
252 545 384 611 modum
406 544 598 611 servandum
619 566 660 610 ne
683 565 779 629 sopor
799 543 865 608 fiat
1200 542 1203 546 '

216 648 267 714 72.
301 645 420 714 Obiter
440 657 473 712 et
493 645 616 712 odorati
637 645 724 711 iunci
751 644 930 710 medicinae
953 644 1117 725 dicentur,
1145 647 1309 732 quoniam
1324 665 1368 710 120

172 759 205 815 et
218 748 252 813 in
268 747 367 834 Syria
383 747 491 825 Coele,
514 757 551 814 ut
566 769 624 812 suo
645 747 717 812 loco
738 746 918 824 retulimus,
939 747 1094 813 nuscitur.
1117 745 1307 814 Laudatis·

171 851 272 916 simus
295 872 336 916 ex
356 847 521 916 Nabataea
542 848 732 935 cognomine
753 847 918 926 tenebitis,
947 870 1128 933 proxumus
1149 847 1305 935 Babylo-

171 951 255 1029 nius,
276 950 437 1036 pessimus
458 972 499 1015 ex
520 948 632 1016 Africa
653 971 691 1014 ac
713 948 782 1013 sine
797 948 905 1026 odore,
928 959 980 1014 est
997 959 1104 1015 autem
1124 951 1304 1031 rotundus,

171 1053 306 1118 vinosae
335 1049 552 1116 mordacitatis
579 1049 621 1115 ad
641 1049 794 1138 linguam.
833 1047 987 1116 Sincerus
1018 1050 1052 1114 in
1085 1051 1305 1118 confricando

170 1151 300 1218 odorem
322 1173 415 1216 rosae
436 1151 568 1230 emittit,
590 1150 781 1216 rubentibus
803 1150 1001 1238 fragmentis.
1037 1150 1186 1217 Discutit
1207 1152 1304 1218 inllu-

172 1251 286 1330 tiones,
309 1252 350 1318 ob
371 1251 407 1316 id
430 1252 592 1318 stomacho
613 1252 701 1317 utilis
722 1252 882 1337 bilemque
905 1264 937 1318 et
952 1252 1143 1339 sanguinem
1155 1253 1303 1320 reicien-

58 1417 63 1427 ,
171 1351 275 1430 tibus;
313 1353 472 1440 singultus
494 1354 600 1434 sedat,
630 1365 741 1420 ructus
763 1363 888 1431 movet,
909 1354 1035 1421 urinam
1057 1354 1137 1434 ciet,
1165 1356 1303 1423 vesioee

170 1456 325 1524 medetur.
357 1455 413 1520 Ad
434 1455 600 1522 muliebris
621 1477 699 1522 usus
721 1455 928 1539 decoquitur3
956 1455 1303 1540 opisthotoniciscum

169 1556 276 1622 resina
297 1556 387 1621 arida
408 1556 572 1643 inponitur
596 1555 819 1621 excalfactoria
839 1556 882 1622 vi.

212 1658 263 1722 73.
294 1656 382 1722 Rosa
404 1657 585 1744 adstringit,
608 1657 795 1745 refrigerem
817 1679 899 1723 usus
921 1657 991 1725 eius
1013 1657 1169 1724 dividitur
1190 1658 1225 1722 in
1248 1659 1302 1724 fo-
1318 1675 1359 1718 121

168 1757 212 1823 lia
232 1767 265 1825 et
285 1756 380 1824 flores
402 1769 435 1824 et
456 1759 572 1845 capita.
606 1758 770 1824 Foliorum
791 1769 901 1844 partes
923 1782 1005 1845 quae
1034 1770 1110 1825 sunt
1135 1760 1302 1827 candidae

168 1881 295 1945 ungues
323 1870 485 1925 vocantur.
524 1859 563 1924 ln
591 1859 670 1925 flore
699 1859 787 1925 aliud
816 1870 866 1925 est
888 1882 1018 1947 semen,
1034 1860 1121 1926 aliud
1143 1861 1301 1945 capillus,

168 1960 203 2025 in
239 1960 343 2045 capite
375 1960 462 2026 aliud
491 1971 618 2039 cortex,
655 1960 742 2024 aliud
774 1961 878 2045 calyx.
914 1959 1044 2026 Folium
1071 1961 1211 2026 siccatur
1240 1973 1302 2026 aut

168 2060 273 2125 tribus
299 2061 402 2125 modis
429 2062 635 2147 exprimitur:
668 2083 726 2147 per
754 2084 805 2138 se,
838 2084 911 2127 cum
939 2085 1065 2150 ungues
1092 2084 1154 2128 non
1184 2063 1300 2128 detra·
1414 2088 1418 2117 ι

169 2161 298 2239 huntur,
322 2216 361 2225 -
392 2161 437 2226 ibi
464 2163 549 2226 enim
575 2162 696 2228 umoris
718 2163 912 2249 plurumum,
935 2219 975 2227 ..
1003 2174 1060 2230 aut
1087 2186 1161 2230 cum
1185 2164 1299 2230 detra·

57 2280 59 2285 “
169 2262 230 2329 otis
263 2262 426 2348 unguibus
463 2264 586 2349 relique
621 2287 697 2350 pars
729 2277 785 2329 eut
817 2265 887 2330 oleo
919 2275 973 2329 aut
1005 2265 1081 2330 vino
1112 2277 1300 2331 maceratur

168 2364 202 2429 in
225 2364 290 2429 sole
312 2364 397 2428 vasis
419 2363 540 2430 vitreis.
578 2361 720 2446 Quidum
743 2375 776 2430 et
798 2367 897 2430 salem
924 2365 1119 2456 admiscent,
1147 2367 1355 2432 nonnullirea

169 2475 201 2532 et
221 2464 396 2530 anchusam
417 2476 473 2529 aut
494 2465 695 2552 aspalathum
716 2475 771 2530 aut
791 2465 923 2533 iuncum
941 2466 1120 2546 odoratum,
1141 2468 1222 2552 quic
1246 2462 1298 2536 ta·

86 2622 88 2626 ,
167 2568 208 2633 lis
227 2590 377 2632 maxume
392 2568 524 2653 prodest
544 2569 658 2633 volvae
680 2591 718 2633 ao
739 2568 954 2653 dysintericis.
977 2568 1217 2656 Exprimuntur
1240 2595 1298 2639 ea-

168 2668 243 2735 dem
271 2668 349 2734 folia
376 2668 527 2735 detractis
555 2669 719 2758 unguibus
747 2669 823 2735 trita
847 2693 907 2756 per
935 2660 1068 2736 linteum
1095 2671 1240 2757 spissum
1263 2674 1298 2738 in

202 2842 332 2906 euripicen,
349 2844 519 2894 Dioscorides.
546 2842 652 2906 tripicen,
669 2845 692 2893 d.
720 2843 830 2906 trepicen,
842 2845 876 2894 V.
900 2845 1059 2908 tropicumR.
1084 2852 1201 2909 tropocen,
1219 2849 1297 2897 codd.

169 2909 276 2961 Salmas.
290 2913 321 2960 de
333 2912 393 2974 hyle
403 2926 428 2974 p.
443 2916 499 2960 122.
511 2926 534 2960 a
546 2912 584 2970 F,
603 2911 647 2974 qui
660 2910 728 2959 triten
740 2912 809 2974 legib
829 2953 860 2962 ..
879 2911 1005 2974 elimet,
1017 2914 1050 2963 V.
1069 2911 1161 2974 elieser,
1173 2913 1207 2962 R
1226 2912 1300 2964 allici

169 2985 200 3040 et,
212 2979 237 3027 d
255 3018 286 3027 ..
305 2975 397 3026 modum
408 2975 556 3038 curandum,
568 2979 623 3027 Vd.
642 2977 667 3026 iu
679 2975 747 3026 udum
759 2988 840 3027 serunt
850 2976 912 3042 dum,
925 2982 956 3030 R.

203 3047 289 3108 5¹²⁰·
316 3044 404 3106 Obiter,
421 3045 489 3095 Pint
519 3043 553 3095 Ob
570 3043 604 3106 id,
617 3041 746 3109 Rvobr.
772 3087 802 3095 -
831 3047 954 3110 quonium
972 3063 1037 3112 qaae
1054 3049 1118 3096 mira
1134 3047 1238 3098 estilla
1256 3066 1299 3100 ar*-

169 3112 342 3175 gumentatic,
364 3113 476 3162 Plinium
494 3127 524 3162 ea
541 3115 572 3162 de
589 3127 665 3162 causa
684 3114 752 3162 iunci
770 3116 869 3164 odorati
889 3117 1026 3166 medicinas
1049 3117 1144 3176 dicere,
1168 3119 1298 3179 qnoniam

170 3179 246 3228 etiem
264 3180 290 3228 in
306 3179 451 3244 coelesyria
466 3181 600 3231 nascatur?
626 3183 667 3231 Ex
686 3186 806 3241 12,104.,
824 3197 875 3246 quo
891 3184 957 3234 Plin.
974 3184 1000 3234 h.
1016 3185 1032 3234 1.
1049 3185 1157 3233 lectores
1175 3199 1239 3234 suos
1255 3200 1298 3235 re·

169 3246 247 3309 legat,
264 3247 372 3298 fortasse
383 3247 425 3310 qui
436 3247 462 3296 iu
472 3246 548 3297 India
559 3256 582 3297 et
593 3248 618 3296 in
630 3247 658 3299 S.
673 3245 699 3297 0.
716 3249 852 3312 legendnm
865 3257 908 3300 ost.
929 3292 959 3301 -
985 3249 1166 3314 νοτειιὶἰπιιω,11.
1188 3292 1218 3301 -
1245 3260 1299 3301 terr-

170 3311 251 3374 ebitis,
268 3316 383 3365 Dioscor.
402 3321 423 3377 1,
442 3322 481 3366 16.
509 3315 627 3375 tbeucitir,
644 3316 700 3364 Vd.
728 3317 826 3377 leuticis,
843 3319 874 3368 R.
902 3317 1018 3380 teuchira,
1033 3314 1084 3383 βγ.
1110 3359 1137 3368 -
1168 3317 1298 3384 bilemque,

171 3382 253 3435 VTd.
271 3381 411 3447 ibidemque,
423 3385 454 3433 R,
473 3424 503 3433 -
522 3391 546 3432 et
555 3383 700 3447 sanquinem,
713 3384 883 3438 Dioscorides.
897 3386 984 3438 Omitt.
997 3388 1107 3437 RVTd.
1126 3427 1157 3437 ..
1176 3385 1258 3450 aedat,
1272 3392 1297 3438 d.

170 3449 241 3513 uber,
254 3453 285 3502 R.
303 3448 386 3511 sedet,
398 3452 431 3500 V.
452 3492 482 3501 -
501 3449 629 3512 muliebres,
642 3452 675 3500 V.
699 3451 816 3513 mulieres,
828 3453 859 3503 Β..
882 3452 1012 3514 mulierum,
1025 3457 1049 3504 d.
1067 3495 1098 3506 ..
1118 3452 1299 3518 excalfactoria

98 3576 102 3585 Ι
170 3517 203 3580 ui,
220 3518 257 3568 ita
271 3534 319 3568 nos
332 3520 483 3582 scripsimus.
511 3517 683 3580 exccffuctoria
694 3527 727 3579 ut,
743 3513 830 3571 GRV.
858 3519 1038 3586 excalfactoria.
1061 3521 1103 3583 At,
1119 3521 1240 3574 Mnrbuc.
1253 3540 1298 3573 u,

162 3584 276 3717 fomur.
291 3586 458 3703 aTddDioscor.
478 3593 570 3648 l,109.
596 3585 783 3650 Excelsactoria
795 3596 824 3649 et,
839 3585 861 3650 ,θ
877 3591 909 3640 ab
925 3591 1056 3655 sequentia
1066 3589 1183 3641 referens.
1207 3540 1301 3645 50AE

181 3660 276 3702 aemma
363 3690 369 3702 .

205 3719 220 3781 ξ
234 3689 290 3770 121.
313 3667 382 3772 Rorsa
397 3718 533 3788 adstriapit,
549 3723 632 3774 VTd.
655 3739 695 3772 ros
707 3721 841 3788 obstringit,
854 3724 885 3774 R.
908 3740 964 3774 rosa
975 3731 1052 3773 uterus
1062 3722 1201 3790 adstriuqit,
1216 3729 1298 3780 codd.

170 3789 284 3850 Barbari,
295 3784 325 3849 β.
344 3788 462 3842 Ceterum
474 3805 498 3839 v.
509 3791 627 3842 Dioscor.
642 3797 664 3851 l,
678 3796 734 3840 130.
753 3830 784 3840 ..
803 3798 826 3839 et
837 3791 926 3856 capim,
940 3793 1013 3842 codd.
1025 3793 1103 3843 Hard
1126 3795 1217 3856 capim,
1229 3793 1298 3847 RV.

171 3854 287 3919 capitote,
300 3860 324 3906 d.
349 3853 443 3919 Capita,
455 3852 477 3918 β
491 3860 525 3908 ad
537 3859 668 3922 sequentia
678 3858 795 3908 referens.
815 3900 845 3908 ..
861 3867 945 3922 partes
957 3875 1018 3922 quae
1029 3867 1091 3922 suut,
1102 3859 1187 3910 Vre.
1207 3871 1300 3924 partes

170 3938 240 3988 eme
253 3925 306 3988 ΒΓ·
322 3931 457 3987 partesque,
468 3920 497 3986 β·

204 3993 219 4056 ς
233 3998 289 4042 122.
306 3990 388 4051 satem,
400 3992 461 4043 VT.
482 3991 541 4053 sule,
553 3993 585 4042 R.
607 3991 653 4052 sal,
666 3994 691 4041 d.
709 4033 740 4041 -
763 3992 870 4042 nonuulli
880 4001 903 4042 et
913 3993 1049 4058 anchusam,
1061 3995 1144 4045 V'l'd.
1168 4001 1192 4042 et
1202 3995 1301 4047 amba-

168 4073 221 4107 rum
233 4057 346 4120 nonnulli,
358 4054 436 4123 Ββγ.
456 4100 487 4108 ..
505 4057 591 4118 mullis,
603 4060 634 4109 R.
653 4100 684 4109 ..
704 4058 769 4119 baec,
781 4061 864 4112 BVd.
888 4060 937 4121 boc,
949 4056 1000 4126 βγ.

205 4128 290 4190 §les
313 4124 416 4175 diximus
435 4130 549 4184 14,106.
572 4168 602 4177 -
630 4126 695 4176 succi
709 4129 790 4177 omitt.
809 4129 861 4178 Td.
881 4170 912 4179 -
938 4129 1052 4193 pinpiuis,
1069 4132 1094 4180 d.
1118 4169 1149 4179 ..
1176 4133 1300 4196 purpuri-

169 4193 303 4254 marini.
320 4193 613 4258 purpurizatrir,liVTd.
631 4195 808 4259 purpurantur,
817 4191 868 4261 βγ.
879 4237 910 4246 -
921 4196 998 4259 febre,
1009 4199 1063 4248 Rd.
1073 4194 1250 4262 febreVssr.
1266 4241 1301 4251 -

168 4276 256 4323 peres,
273 4262 367 4311 omli.
387 4303 416 4310 -
441 4263 605 4324 romuos‚Rd.
631 4278 732 4324 romnus,
743 4264 777 4312 V.
805 4261 839 4312 ud
853 4259 1064 4328 εοωηοεβγ...
1090 4267 1245 4324 utrumn.
1266 4308 1302 4320 ,,
