2896 4792
142 228 184 318 94
491 267 696 317 deruanus
718 267 914 318 merorum

140 421 246 487 fistula
274 419 432 486 sublatum
460 439 501 484 ex
528 419 599 485 alia.
632 417 672 486 In
698 419 767 487 licis
796 433 904 487 antem
933 433 966 486 et
986 418 1079 488 malis
1100 420 1181 491 haec
1200 423 1263 490 fuit

139 521 312 587 inoculatio
327 521 475 608 antiqna;
498 520 686 607 Vergiliana
706 523 831 606 quaerit
848 523 954 588 sinum
966 523 1002 587 in
1015 523 1100 589 nodo
1115 547 1263 611 gemmae

139 622 267 710 expulsi
288 621 415 688 corticis
436 644 659 709 gemmamque
681 646 722 690 ex
743 622 806 698 alia
826 623 939 690 arbore
960 624 1105 690 includit
1126 624 1173 690 Et
1183 625 1261 692 hao-

138 737 233 791 tenus
259 735 375 791 natura
401 724 473 810 ipsa
499 723 623 802 docuit,
654 727 705 790 tc
728 724 913 791 insitionem
934 735 1041 791 autem
1063 749 1168 806 casus,
1190 751 1282 797 ma·.

137 827 240 915 gister
260 826 343 891 alius
365 834 396 891 et
416 847 519 911 paene
540 824 751 904 numerosior,
774 826 922 892 adhunc
943 827 1083 892 modum.
1106 829 1263 915 Agricola
1277 846 1322 890 ror

138 927 270 994 sedulus
290 949 398 992 oasam
421 927 527 1012 saepis
549 926 744 992 munimento
766 927 911 1015 cingens,
932 949 997 1011 quo
1018 927 1125 993 minus
1146 939 1260 1014 putre·

139 1038 266 1095 soerent
281 1028 389 1106 sudes,
412 1027 510 1093 limen
525 1027 669 1094 subdidit
683 1051 724 1094 ex
737 1028 873 1104 hedera3
896 1039 930 1093 at
942 1028 1017 1094 illae
1031 1029 1137 1095 vivaci
1150 1050 1261 1096 morsu

137 1129 360 1216 adprehensae
382 1151 474 1195 suam
496 1152 537 1194 ex
559 1128 662 1195 alieno
684 1129 790 1195 fecere
811 1129 910 1195 vitam
932 1130 1145 1216 adparuitque
1167 1141 1260 1196 trun·

137 1254 212 1297 cnm
239 1253 311 1296 esse
339 1252 398 1314 pro
426 1240 522 1295 terra.
557 1229 715 1297 Aufertur
737 1253 814 1317 ergo
837 1253 926 1296 serra
947 1231 1123 1315 aequaliter
1143 1254 1259 1318 super-

135 1332 236 1411 ficies,
257 1331 418 1419 levigatur
439 1332 522 1397 falce
544 1341 687 1397 truncus.
708 1331 805 1397 Ratio
824 1342 937 1417 postea
951 1332 1084 1419 duplex,
1109 1343 1141 1398 et
1155 1333 1261 1418 prima
1275 1348 1323 1393 roa

135 1435 221 1500 iuter
241 1432 393 1499 corticem
410 1432 596 1518 lignumque
616 1431 788 1497 inserendi.
812 1431 985 1497 Timebant
999 1432 1097 1518 prisci
1111 1443 1260 1499 truncum

134 1535 268 1614 findere,
289 1557 366 1601 mox
386 1533 526 1598 inforare
548 1532 620 1598 ausi
640 1532 747 1599 medio
767 1531 893 1618 ipsique
914 1533 948 1598 in
970 1556 1008 1599 eo
1029 1533 1188 1599 medullae
1203 1557 1258 1600 ca·

134 1641 253 1708 lamum
267 1632 492 1722 inprimebam,
513 1656 614 1698 unum
635 1633 827 1710 inserentem
850 1655 954 1718 neque
975 1635 1061 1700 enim
1081 1635 1183 1722 pluris
1201 1659 1258 1701 ca·

135 1740 245 1828 piabat
267 1736 415 1802 medulla.
449 1732 606 1799 Subtilior
627 1745 741 1819 postea
761 1733 842 1799 ratio
864 1735 916 1799 vel
938 1757 1032 1802 senos
1054 1737 1146 1815 adici,
1171 1759 1258 1802 mor·
1299 1818 1304 1833 .

135 1839 251 1906 talitrti
278 1859 388 1921 eorum
402 1845 447 1901 et
472 1854 606 1899 numero
634 1857 821 1901 succurrere
854 1858 1028 1921 persuasa,
1056 1860 1120 1923 per
1151 1837 1258 1903 media

135 1953 248 2007 trunco
268 1937 384 2005 leniter
403 1936 480 2002 fisso
501 1957 668 2020 cuneoque
690 1937 778 2001 tenui
798 1937 945 2003 fissuram
965 1938 1174 2016 custodiente,
1196 1939 1257 2004 do·

134 2064 196 2109 nec
217 2039 408 2125 cuspidatim
430 2037 558 2104 decisus
580 2037 754 2104 descendat
775 2038 810 2103 in
830 2039 944 2104 rimam
966 2041 1117 2105 calamus.
1149 2039 1257 2105 Multa
1271 2055 1320 2099 10³

134 2143 169 2209 in
182 2143 243 2210 hoc
257 2141 432 2217 servanda3
455 2140 595 2225 primum
609 2138 761 2218 omnium,
776 2162 858 2224 quae
872 2141 1012 2227 patiatur
1027 2141 1145 2207 coitum
1160 2141 1256 2207 talem

134 2244 230 2310 arbor
251 2253 283 2309 et
304 2242 395 2308 cuius
417 2241 551 2307 arboris.
581 2239 680 2307 Varie
703 2263 831 2326 quoque
853 2253 885 2307 et
905 2265 971 2307 non
991 2242 1107 2308 iisdem
1127 2242 1163 2307 in
1183 2263 1256 2327 par·

134 2343 224 2411 tibus
244 2343 356 2411 subest
377 2341 525 2408 omnibus
548 2364 654 2407 sucus.
687 2341 819 2408 Vitibus
841 2343 973 2434 ficisque
993 2343 1100 2407 media
1122 2343 1256 2408 sicciora

134 2457 168 2512 et
188 2469 207 2511 e
229 2467 354 2511 summa
379 2455 474 2532 parte
503 2453 680 2528 conceptus
687 2468 696 2522 3
730 2443 804 2510 ideo
829 2444 918 2510 illinc
944 2444 1064 2510 surculi
1090 2455 1254 2530 petuntur.

134 2547 227 2614 Oleis
248 2547 336 2613 circa
356 2546 463 2613 media
485 2567 592 2622 sucus,
622 2543 698 2610 inde
721 2555 754 2611 et
775 2545 910 2623 surculi3
944 2546 1111 2612 cacumina
1132 2545 1254 2612 sitiunt.

132 2649 299 2715 Facillime
326 2648 509 2714 coalescunt
538 2648 655 2732 quibus
684 2647 797 2714 eadem
819 2647 948 2712 corticis
970 2658 1086 2712 natura
1108 2669 1255 2730 quaeque
1270 2659 1318 2703 1⁰⁴

105 2771 109 2777 ·
132 2751 252 2838 pariter
272 2748 418 2814 florentia
439 2747 582 2813 eiusdem
603 2747 700 2814 horae
721 2746 945 2834 cognationem
966 2769 1180 2831 sucorumque
1200 2771 1254 2813 so-

132 2853 282 2919 cietatem
301 2847 431 2915 habent.
466 2847 574 2932 Lenta
597 2871 649 2915 res
675 2858 734 2926 est,
762 2847 910 2931 quotiens
932 2847 1049 2911 umidis
1070 2860 1255 2932 repugnant

73 3015 76 3021 .
134 2953 229 3031 sicca,
251 2948 400 3016 mollibus
423 2948 577 3019 corticum
598 2949 681 3014 duri.
714 2947 851 3032 Reliqua
871 2946 1052 3013 observatio
1074 2970 1115 3012 ne
1138 2947 1254 3012 fissura

166 3167 257 3221 cutem
273 3173 319 3222 pro
331 3157 358 3206 h.
370 3171 392 3206 v.
405 3156 501 3207 habeut
512 3154 555 3206 loc
566 3157 610 3206 ad.
629 3196 659 3205 ..
686 3152 826 3220 Veryilr'cna
837 3167 925 3218 georg.
937 3161 961 3214 t,
975 3158 1014 3205 m.
1036 3194 1062 3203 ..
1082 3152 1195 3218 permitte,
1207 3155 1254 3204 ad.

132 3225 208 3277 sacru
219 3241 324 3290 yemmce
335 3223 361 3273 ic
371 3221 430 3273 nodi
438 3222 519 3285 cvubi,
530 3225 621 3274 Dalec.

167 3297 252 3358 5101.
278 3291 365 3351 aliem,
377 3295 420 3342 ad.
438 3290 527 3353 ubera,
538 3286 589 3356 βγ.

166 3365 253 3426 5102.
279 3359 449 3424 inscrcrcsd
474 3359 592 3422 inperare,
607 3350 666 3419 01),
685 3360 752 3422 quod
769 3358 880 3422 praefert
892 3358 996 3410 Gesner.
1009 3358 1181 3420 chrestom.p.
1195 3361 1252 3406 666.

135 3470 166 3479 ..
179 3428 239 3489 aad,
249 3431 291 3479 dr.
309 3425 388 3488 autri,
398 3442 421 3476 a.
435 3466 466 3475 ..
484 3425 552 3485 ineo,
565 3427 654 3477 Tadr.
673 3425 730 3477 Om.
742 3421 771 3487 β.
784 3466 816 3477 -
835 3425 906 3487 adm,
918 3442 941 3476 a.
960 3423 1051 3486 adiicit,
1063 3419 1151 3488 drflr.
1169 3421 1254 3487 adicit,

132 3499 165 3549 K.
183 3495 279 3557 adiecit,
290 3496 381 3545 Dalec.
400 3535 431 3542 -
450 3509 593 3553 ecnumm,
604 3509 624 3543 r.
644 3533 675 3543 ..
693 3509 829 3543 succurrere
837 3509 964 3559 persuasu,
978 3493 1060 3542 omitt.
1071 3493 1147 3541 Dad.

167 3563 254 3625 510³.
280 3560 380 3620 arboris,
394 3562 467 3611 Tad.
489 3560 583 3609 arbone
595 3558 707 3620 calamus,
718 3556 769 3624 βγ.
789 3601 820 3610 ..
843 3560 949 3622 sicciore,
961 3563 1007 3611 ad.
1024 3601 1055 3610 ..
1079 3575 1099 3619 e,
1112 3573 1163 3607 om.
1178 3558 1202 3606 d.
1221 3598 1253 3607 .-

133 3639 250 3696 concepus,
262 3633 286 3681 d.
304 3671 336 3680 ..
355 3627 442 3688 medic,
456 3620 506 3676 θα.
520 3625 623 3687 'medeba
635 3623 686 3689 dss.
705 3668 737 3678 ..
754 3626 862 3690 meum,
873 3645 897 3678 a.
918 3656 923 3665 ·

167 3701 253 3762 5104.
284 3694 456 3761 requisiissent,
474 3694 578 3745 Barbar.
607 3695 775 3760 qipnctionem,
791 3697 837 3747 ad.
866 3692 1065 3760 permissarum
1080 3686 1133 3755 βγ.
1164 3692 1205 3741 De
1226 3706 1253 3742 re

133 3782 157 3817 v.
167 3767 299 3830 Theophr.
311 3766 341 3813 de
350 3778 419 3812 cens.
428 3763 509 3825 plant.
519 3761 540 3812 1.
551 3769 574 3824 6,
587 3769 610 3812 4.
624 3804 655 3812 -
674 3760 761 3824 Lecta,
774 3763 864 3813 Tadr.
881 3760 962 3811 Lecta
973 3759 1041 3819 enim,
1052 3754 1103 3823 βγ.
1117 3798 1149 3808 -
1161 3774 1200 3806 res
1211 3767 1253 3820 est,

133 3849 157 3883 a.
175 3850 221 3893 res,
233 3837 274 3885 dr.
294 3871 325 3880 -
344 3828 498 3890 cercuros
510 3845 543 3879 ex
555 3833 594 3880 ed.
606 3831 685 3893 princ.
697 3843 722 3892 γ.

168 3900 183 3962 ξ
196 3905 252 3951 105.
277 3896 395 3962 Verpilius
406 3911 493 3960 georg.
507 3901 531 3958 2,
545 3901 584 3948 76.
602 3896 730 3961 Hyyicius,
741 3896 809 3945 Pint.
822 3935 853 3944 ..
872 3892 1022 3951 ecccumirre,
1031 3895 1076 3944 ad.
1095 3910 1124 3942 cc
1133 3910 1191 3954 cac,
1200 3889 1252 3958 βγ.

135 4009 166 4018 ..
184 3969 215 4017 cb
227 3966 335 4024 lamed,
347 3967 391 4013 ad.
414 3964 496 4024 remia
508 3965 542 4015 K.
565 4005 596 4012 .-
619 3962 731 4012 comitati
740 3961 840 4018 arboris,
852 3962 888 4011 ita
898 3976 947 4010 nos
959 3961 1113 4024 scripsimus.
1140 3968 1253 4010 vetante

133 4035 233 4093 arborm
244 4037 279 4084 D.
306 4039 421 4081 vetustate
433 4031 557 4091 arboria
584 4037 687 4079 musice
698 4028 788 4089 arbori,
801 4023 872 4093 ᾱβγ.
898 4029 979 4079 Amat
989 4030 1056 4078 Plin.
1069 4028 1181 4080 Graecos
1193 4029 1254 4079 scri·

133 4112 218 4166 ptores
230 4103 341 4152 imitatus
353 4100 417 4149 talos
429 4098 675 4157 cucumlocutiones,
686 4103 715 4146 ut
726 4097 857 4159 genetivus
869 4111 941 4147 casus
952 4098 1110 4147 substantivo
1122 4097 1254 4162 appositus

133 4170 250 4221 adiectivi
262 4169 317 4218 vice
327 4167 461 4231 fungatar3
472 4167 510 4215 ita
521 4165 586 4215 dixit
598 4162 687 4213 temam
691 4162 784 4226 feritas
797 4169 820 4224 7,
833 4162 1035 4228 t.,fllioepietcs‚
1050 4169 1072 4225 7,
1084 4170 1149 4225 121,
1160 4170 1254 4213 senecta

133 4236 210 4286 osiam
223 4243 248 4298 6,
262 4243 327 4298 166,
345 4234 490 4284 aerumma
501 4230 613 4282 nobilitas
624 4236 665 4293 28,
677 4235 726 4293 67,
744 4229 856 4283 nobilitas
864 4229 977 4297 Phlippi
988 4238 1012 4294 6,
1026 4234 1091 4289 170..
1111 4231 1253 4297 peremere
