2896 4792
418 48 437 91 l

183 235 243 299 136
287 252 492 299 neruosus
514 240 657 301 maron.
681 256 751 303 um.
768 258 856 304 xvn.
882 257 1106 309 cnr.xxv111.
1138 260 1236 309 secr.
1251 265 1284 308 u.

180 401 267 487 quod
287 403 404 469 animal
431 413 527 489 pastu
555 405 699 471 malefico
726 407 878 494 decerpat
909 409 1069 489 frondem,
1102 412 1177 477 fimo
1207 412 1306 479 boum

180 503 282 569 diluto
303 504 413 592 spargi
433 504 510 571 folia
536 507 685 589 quotiens
711 507 814 575 imber
839 511 1047 589 interveniat,
1073 514 1223 596 quoniam
1246 515 1304 580 ab·

175 603 286 669 luatur
306 605 353 670 ita
369 607 458 672 virus
478 608 708 687 medicaminis,
731 611 812 675 mira
832 612 990 695 quaedam
1014 614 1216 701 excogitante
1238 617 1304 681 sol-

179 706 271 772 lertia
290 706 438 788 humana,
459 709 582 796 quippe
604 731 677 776 cum
699 710 802 776 averti
823 712 997 798 grandines
1020 715 1157 781 carmine
1172 716 1305 782 credent

180 808 340 895 plerique,
373 810 464 875 cuius
496 809 595 878 verba
628 810 770 877 inserere
803 836 868 887 non
903 814 1052 898 equidem
1085 817 1167 882 serio
1188 818 1303 897 ausim,

179 930 408 995 quemquama
424 908 547 977 Catone
561 912 697 998 proditis
721 924 832 979 contra
852 914 963 981 luxata
976 915 1131 994 membra,
1147 917 1303 1005 iungente

180 1031 219 1074 ea
243 1010 459 1077 harundinum
485 1013 637 1090 fissurae3
669 1014 756 1080 idem
791 1014 923 1081 arbores
956 1016 1124 1105 religiosas
1149 1018 1303 1103 lucosque

180 1112 301 1178 succidi
321 1112 478 1199 permisit,
500 1114 657 1180 sacrificio
678 1115 769 1201 prius
790 1117 874 1181 facto
897 1117 989 1181 cuius
1010 1118 1166 1184 rationem
1188 1142 1302 1205 preca-

181 1213 364 1298 tionemque
387 1216 499 1280 eodem
521 1215 680 1281 volumine
701 1215 842 1281 tradidit.

214 1426 300 1488 §aaa
327 1425 394 1473 boum
406 1423 500 1486 dilutos,
512 1441 534 1474 a.
553 1423 627 1474 diluto
638 1425 714 1487 bourq
727 1427 749 1475 d.
770 1466 801 1475 -
819 1425 912 1490 sparqi,
923 1428 967 1475 ad.
985 1429 1092 1492 asperqt',
1103 1423 1153 1491 βγ.
1172 1469 1202 1477 ..
1221 1427 1302 1478 ablue

181 1499 220 1540 tur
230 1491 273 1552 ita,
289 1485 336 1541 Oa.
355 1490 458 1541 adluitur
469 1492 511 1553 ita,
523 1494 576 1544 Τὰ.
594 1492 630 1542 t'ta
641 1490 759 1552 abluatur,
771 1488 822 1556 βγ.
842 1535 872 1542 -
897 1492 1012 1557 lamana3
1024 1509 1071 1558 pro
1084 1496 1111 1544 h.
1123 1511 1146 1543 v.
1159 1494 1255 1546 habent
1266 1496 1302 1545 in-

180 1566 264 1608 maaat
274 1561 320 1613 ad.
334 1601 365 1609 -
384 1559 477 1623 quippe,
486 1575 510 1610 a.
528 1558 628 1623 quiden,
640 1563 664 1610 d.
677 1602 709 1610 ..
725 1559 856 1633 prandiam
867 1561 978 1623 carmine,
990 1563 1034 1612 ad.
1052 1562 1156 1611 carmine
1163 1562 1301 1626 prandium,

179 1621 231 1691 βγ.
250 1667 282 1677 -
300 1627 373 1688 euius,
384 1643 434 1678 om.
446 1627 535 1677 Doleo.
554 1669 585 1677 ..
607 1626 694 1677 Catone
706 1631 737 1679 de
750 1645 777 1678 re
788 1637 850 1679 rust.
866 1633 966 1679 180.-
981 1628 1093 1692 proditis,
1105 1631 1180 1679 Tad.
1195 1628 1302 1693 prodita,

180 1688 230 1757 βγ.
256 1696 385 1745 Particula
401 1710 544 1758 quamquam
561 1697 678 1746 ablativis
694 1697 816 1746 absolutis
824 1697 994 1760 praemittitur
1005 1698 1081 1746 etiam
1093 1704 1117 1758 8,
1130 1703 1187 1746 214.
1209 1704 1248 1758 14,
1261 1704 1302 1748 at.

183 1768 223 1822 15,
234 1768 276 1812 43.
291 1768 330 1812 75.
350 1769 390 1822 18,
404 1766 460 1813 127.
481 1767 574 1822 19‚50.
593 1767 686 1822 2215.
710 1804 742 1812 ..
769 1762 853 1812 luxata
864 1764 1041 1824 mantra,'1'd.
1068 1762 1216 1814 luxatameo
1228 1764 1301 1825 breui,

182 1846 205 1880 a.
225 1871 257 1879 ..
276 1829 384 1894 innuente
396 1846 432 1891 ea,
444 1831 481 1879 ita
492 1845 538 1880 nos
550 1831 702 1894 scripsimus.
724 1828 854 1894 unquende,
867 1846 889 1880 e.
912 1839 935 1878 et
945 1828 1078 1896 anquando,
1092 1834 1115 1881 d.
1139 1840 1162 1879 et
1172 1829 1302 1896 iunqeada,

182 1897 213 1946 T.
237 1896 305 1946 Plin.
323 1898 384 1946 dicit
400 1912 427 1948 sc
441 1899 518 1947 rerba
534 1898 651 1947 carminis
668 1901 817 1948 avertendae
829 1899 944 1961 grandini
957 1898 1046 1948 efferre
1059 1899 1196 1962 dedignari,
1213 1915 1301 1962 quarn-

183 1979 259 2028 quam
277 1965 370 2014 similia
385 1966 497 2016 attulerit
514 1963 578 2015 Cato
595 1973 684 2015 contra
700 1966 790 2015 luxata
800 1967 921 2025 membra,
938 1967 982 2029 qui
994 1981 1024 2016 ca
1035 1968 1186 2016 arundinum
1198 1968 1302 2016 fissurae

182 2032 311 2096 iungenda
326 2033 447 2083 docuerit.
473 2033 515 2082 Ex
532 2034 637 2096 vulgata
652 2033 775 2096 scriptura
790 2029 908 2096 (prodita)
920 2034 985 2083 nihil
997 2035 1066 2084 aliud
1079 2034 1237 2097 sequebatur,
1253 2035 1301 2084 nisi

183 2099 308 2150 Catonem
321 2114 422 2149 carmen
431 2101 463 2149 dc
470 2101 592 2164 grandine
603 2101 725 2160 attulisse,
738 2102 808 2163 quod
819 2103 886 2163 apud
899 2115 958 2150 eum
969 2115 1022 2149 non
1035 2108 1125 2151 exstat.
1142 2101 1231 2165 Ipsum
1240 2116 1300 2150 vcro

181 2168 285 2217 verbnm
297 2167 393 2231 irrepere
403 2183 453 2218 neu
463 2169 596 2218 notissimo
608 2169 644 2218 ita
656 2168 753 2228 dicitur,
769 2176 799 2217 ut
810 2169 844 2217 sit
853 2168 922 2217 idern
934 2166 1080 2231 quadrello,
1096 2167 1198 2217 euadere
1213 2176 1239 2216 ut
1249 2169 1301 2217 iun-

180 2241 266 2299 palum
278 2236 314 2284 ita
325 2235 419 2298 legitur
430 2242 454 2295 6,
466 2240 521 2284 184.
539 2234 659 2283 iunximus
669 2236 685 2284 i.
696 2250 719 2284 o.
728 2236 840 2284 iunctam
850 2250 904 2284 csse
916 2236 1035 2296 diximus,
1048 2243 1072 2298 8,
1082 2243 1123 2287 64.
1132 2234 1241 2298 permitit
1252 2237 1268 2285 i.
1279 2250 1300 2285 e.

181 2301 278 2363 effecit,
295 2312 323 2352 ut
338 2303 536 2367 permitteretur,
554 2309 577 2363 8,
595 2308 653 2353 alt.
681 2301 836 2366 distinquente
851 2303 868 2351 i.
887 2317 908 2350 e.
926 2301 1046 2364 faciente,
1063 2310 1091 2352 ut
1108 2303 1299 2365 distinguantur,

183 2376 223 2430 ll,
237 2376 292 2420 190.
309 2369 406 2433 perimit
414 2373 431 2420 i.
441 2385 463 2419 e.
478 2372 588 2420 ostendit
597 2385 669 2419 curas
681 2370 778 2433 perimi,
792 2375 831 2429 15,
844 2375 885 2419 94.
899 2369 1010 2432 madert
1020 2371 1036 2418 i.
1049 2370 1152 2430 eiecit,
1164 2369 1301 2433 utpraefe·

180 2445 257 2498 ratur,
271 2441 310 2494 17,
324 2444 364 2488 88.
383 2435 525 2488 diiudicabit
535 2439 552 2486 i.
565 2452 587 2486 e.
598 2437 682 2498 faciet,
694 2445 724 2486 ut
735 2438 894 2497 diiudicetur,
907 2443 947 2498 28,
962 2443 1002 2487 86.
1011 2437 1117 2500 scaetet
1125 2435 1219 2486 illiniti.
1229 2436 1272 2487 ef
1289 2467 1301 2477 -

180 2506 262 2554 vende
274 2512 299 2554 et
310 2505 432 2555 illinenda
443 2520 497 2555 esse
509 2504 576 2566 dicit,
589 2510 630 2564 al,
645 2510 700 2554 104.
718 2504 766 2551 urit
776 2506 792 2554 i.
805 2519 827 2553 c.
839 2519 911 2553 urere
924 2506 1019 2564 suadet,
1033 2509 1064 2554 87
1088 2510 1144 2555 190.
1162 2501 1301 2567 appellavit,

180 2573 196 2620 i.
209 2586 230 2622 e.
243 2570 379 2633 feritate
396 2573 513 2637 pelletur.
537 2586 569 2622 .·.
596 2570 657 2620 idem
669 2572 701 2621 dc
712 2587 739 2621 re
750 2581 812 2622 rust.
827 2577 883 2622 lea.
907 2610 938 2620 ..
966 2571 1040 2630 cuius,
1055 2541 1126 2621 ded.
1152 2570 1220 2619 cuius
1230 2571 1302 2632 τοίη

181 2636 268 2702 (codd.
281 2638 352 2702 Gal.)
389 2654 414 2704 γ.
438 2681 469 2689 ..
493 2639 705 2703 precatmnemqua
722 2640 801 2689 Herd.
818 2654 833 2689 c
850 2642 923 2689 codd.
942 2638 1134 2701 recatioaemque,
1146 2639 1246 2689 Thoan.
1259 2654 1300 2702 ap.

181 2706 289 2757 Salmas.
302 2722 385 2758 exerc.
398 2723 423 2772 p.
437 2712 494 2757 413.
507 2722 530 2756 a.
544 2706 574 2758 C.
597 2706 817 2770 recreationemque‚
829 2708 881 2756 Τὰ.
908 2705 1100 2768 romanamque,
1112 2722 1128 2754 e
1140 2704 1247 2768 (Rigalt.
1260 2722 1300 2770 ap.
1344 2736 1363 2760 ,-

181 2772 303 2836 Salmas.)
325 2774 441 2889 110ΐίοηίιέ
451 2773 618 2836 maremque,
630 2791 650 2824 r.
673 2790 724 2836 que,
738 2768 766 2822 Θ.
785 2789 884 2836 quoque,
896 2772 969 2823 codd.
983 2772 1039 2824 Gel.
1051 2768 1080 2834 β.
1103 2771 1300 2835 ἀφνεοαιὼηωη-

181 2857 232 2905 que,
244 2843 312 2894 Pint.
332 2884 363 2892 ..
383 2850 405 2889 tr
441 2841 466 2903 it,
478 2842 508 2891 T.
