2896 4792
416 290 486 336 nra.
502 289 577 336 xix.
607 287 685 334 ear.
703 288 776 334 vm.
807 285 905 333 sacr.
922 287 1003 329 ra-u.
1205 265 1267 331 ΥΠ

146 456 219 532 post
244 440 482 528 aequinoctium
513 439 657 504 autumni
687 438 862 524 disponunt
890 434 1059 522 pedalibus
1080 434 1267 516 intervallis,

146 545 309 612 fertilitate
330 543 364 606 in
386 541 488 607 denos
510 561 611 605 annos
633 540 785 615 durante3
808 538 931 604 nullum
951 537 1076 624 gratius
1097 536 1148 603 his
1166 537 1269 603 solum

149 668 245 731 quam
277 643 512 710 Rauennatium
550 640 724 706 hortorum.
768 638 987 706 Indicavimus
1019 649 1051 704 et
1083 637 1330 717 corrudam3151

147 748 234 812 hunc
261 746 345 811 enim
372 743 523 830 intellego
546 741 725 807 silvestrem
747 762 940 828 asparagum
964 761 1059 824 quem
1081 736 1200 806 Graeci
1222 738 1269 825 ὅρ-

149 871 230 933 μινον
257 856 313 911 aut
335 843 507 929 μυάκανθον
529 853 646 908 vocant
667 842 777 908 aliisve
798 839 999 916 uominibus;
1026 839 1155 907 invenio
1181 839 1270 908 nasci

149 959 180 1014 et
202 946 309 1013 arietis
332 944 482 1010 cornibus
505 944 608 1009 tunsis
629 954 728 1028 atque
749 944 897 1010 defossis.

190 1052 243 1115 43.
271 1048 428 1113 Poterant
454 1045 560 1113 videri
588 1044 675 1112 diota
695 1045 802 1113 omnia
822 1066 906 1130 quae
928 1044 962 1109 in
984 1044 1090 1131 pretio
1112 1053 1204 1121 sunt,
1237 1041 1271 1107 ni
1287 1061 1333 1106 rsa

147 1160 283 1215 restaret
304 1170 356 1213 res
377 1147 520 1211 maxumi
543 1156 697 1231 quaestus
717 1170 783 1212 non
801 1147 869 1213 sine
886 1146 1011 1233 pudore
1027 1145 1177 1221 dicenda3
1200 1165 1270 1210 cer-

148 1263 217 1316 tum
239 1261 288 1315 est
309 1249 430 1335 quippe
454 1249 590 1314 carduos
612 1248 699 1333 apud
722 1245 952 1336 Carthaginem
974 1269 1125 1335 magnam
1143 1243 1270 1312 Cordu-

146 1353 284 1438 bamquo
317 1351 490 1438 praecipue
524 1349 708 1417 sestertium
743 1371 820 1414 sena
846 1349 935 1413 milia
961 1372 979 1414 e
1006 1349 1115 1436 parvis
1137 1347 1272 1413 reddere

147 1454 247 1532 areis,
275 1452 427 1538 quoniam
455 1461 604 1538 portenta
631 1472 758 1535 quoque
781 1461 936 1516 terrarum
958 1450 992 1514 in
1013 1471 1151 1536 ganeam
1172 1447 1271 1514 verti·

147 1579 230 1634 mus,
255 1556 350 1620 etiam
373 1575 412 1619 ea
433 1574 516 1638 quae
535 1552 701 1639 refugiunt
716 1551 862 1618 consciae
876 1551 1101 1638 quadripedes.
1125 1548 1272 1616 Carduos
1286 1565 1348 1616 15³.

148 1680 226 1743 ergo
248 1655 374 1721 duobus
395 1654 499 1720 modis
521 1658 649 1732 serunt,
684 1662 836 1718 autumno
858 1652 968 1738 planta
995 1662 1028 1717 et
1056 1651 1178 1719 semine
1199 1650 1273 1716 ante

147 1780 248 1822 nonas
270 1749 424 1834 Martias,
447 1757 639 1842 plantaeque
662 1777 703 1820 ex
725 1777 763 1820 eo
785 1755 999 1839 disponuntur
1019 1764 1092 1819 ante
1113 1752 1188 1816 idus
1203 1749 1272 1817 No·

147 1858 269 1924 vembr.
302 1866 359 1921 aut
391 1858 424 1921 in
453 1857 533 1922 locis
567 1855 695 1942 frigidis
723 1856 808 1921 circa
837 1856 1019 1932 favonium3
1058 1862 1273 1920 stercorantur

148 1960 255 2038 etiam,
279 1958 306 2022 si
328 1957 379 2023 dis
401 1957 517 2044 placet,
540 1958 717 2041 laetiusque
740 1957 934 2043 proveniunt
941 1986 950 2037 ;
974 1956 1168 2023 condiuntur
1189 1974 1271 2039 quo·

147 2081 211 2144 que
240 2068 329 2124 aceto
351 2058 445 2125 melle
468 2058 584 2137 diluto,
615 2058 725 2123 addita
745 2058 860 2125 laseris
882 2059 990 2126 radice
1012 2069 1044 2123 et
1066 2057 1200 2136 cumini,
1230 2077 1272 2121 ne

148 2162 220 2246 quis
241 2161 312 2226 dies
334 2161 403 2225 sine
426 2159 545 2226 carduo
568 2160 617 2226 sit.

190 2263 242 2326 44.
270 2260 387 2327 Cetera
407 2262 440 2326 in
463 2274 648 2327 transcursu
670 2263 733 2328 dici
754 2273 900 2349 possunt.
940 2259 1091 2327 Ocimum
1113 2259 1273 2327 Parilibus
1287 2275 1335 2320 154

149 2372 281 2447 optume
310 2362 373 2427 seri
399 2363 522 2440 ferunt,
554 2363 685 2447 quidam
714 2373 747 2428 et
769 2374 940 2440 autumno,
973 2361 1163 2446 iubentque,
1198 2383 1272 2428 cum

148 2463 252 2527 hieme
276 2473 416 2542 seratur,
440 2474 531 2529 aceto
554 2485 664 2531 semen
685 2463 845 2549 perfundi.
879 2461 990 2528 Eruca
1010 2484 1139 2548 quoque
1161 2473 1194 2528 et
1214 2484 1272 2528 na-

151 2565 299 2630 sturtium
327 2564 378 2630 vel
406 2574 526 2630 aestate
554 2564 605 2630 vel
631 2564 736 2629 hieme
764 2563 915 2630 facillime
942 2574 1128 2629 nascuntur.
1164 2563 1273 2630 Eruoa

149 2665 321 2753 praecipue
342 2665 500 2754 frigorum
526 2666 743 2752 contemptrix
775 2665 921 2730 diversae
950 2675 999 2730 est
1025 2687 1122 2749 quam
1148 2663 1273 2728 lactuca

148 2779 281 2834 naturae
310 2768 564 2852 concitatrixque
591 2765 718 2833 veneris
725 2793 735 2846 ;
765 2766 886 2832 idcirco
907 2766 1055 2855 iungitur
1076 2765 1121 2830 illi
1144 2764 1212 2830 fere
1238 2764 1272 2831 in
1287 2779 1335 2826 155

149 2868 247 2948 cibis,
274 2880 310 2935 ut
336 2869 435 2936 nimio
462 2869 575 2957 frigori
602 2891 661 2955 par
682 2867 791 2934 fervor
812 2867 966 2933 inmixtus
989 2857 1273 2954 temperamentum

149 2982 273 3056 aequet.
295 2970 499 3039 Nasturtium
512 2992 628 3037 nomen
644 2969 802 3057 accepite
815 2970 941 3035 narium
957 2979 1131 3047 tormento,
1154 2966 1273 3034 etiude

149 3193 247 3239 menum,
259 3192 284 3242 r.
301 3179 360 3242 Ego
371 3180 468 3230 litteras
480 3179 590 3230 Graecas
600 3187 630 3230 ut
640 3180 668 3229 in
679 3179 793 3242 sequenti
805 3179 910 3229 nomine
919 3179 1025 3230 restitui.
1044 3173 1168 3243 ὄρμενον,
1177 3177 1273 3228 Pollux

149 3249 174 3305 6,
186 3250 219 3305 9.,
235 3247 396 3310 Phrynichus
407 3263 432 3310 p.
447 3251 503 3297 111.
515 3250 554 3297 ed.
565 3248 629 3298 Lob.
642 3287 674 3296 ..
691 3253 900 3312 uutmyccautum,
910 3247 972 3297 aod.
990 3254 1057 3297 outo.
1070 3237 1271 3304 ΔΥΛΚΝΘΟΝ,

149 3313 246 3376 Appul.
262 3353 288 3361 -
309 3311 417 3376 aliisque,
430 3316 454 3363 d.
473 3353 504 3362 ..
523 3313 603 3374 toneia
614 3313 712 3378 Appul.

183 3382 272 3443 §152
298 3380 331 3440 ui,
348 3384 410 3431 aed.
437 3379 496 3440 uiri,
512 3375 563 3446 βγ.
587 3422 618 3431 ..
645 3379 786 3443 decidendo,
804 3397 826 3432 a.
850 3422 881 3432 ..
907 3379 1050 3441 sertatim,
1067 3382 1130 3432 aod.
1156 3379 1272 3442 rutardo,

150 3448 252 3498 Thoan.
268 3463 310 3513 ap.
327 3448 433 3499 Salmas.
453 3463 536 3498 exere.
555 3464 580 3514 p.
595 3453 651 3499 161.
666 3443 781 3511 1).Ὲ“.,β.
804 3448 872 3499 Illud
884 3449 995 3513 praefert
1007 3449 1119 3500 Gronov.
1132 3450 1164 3500 de
1176 3456 1272 3500 sestert.

149 3531 173 3579 p.
186 3522 227 3566 22.
247 3557 277 3565 -
301 3532 314 3564 e
321 3515 408 3580 porois
418 3513 516 3565 reddere
527 3516 600 3578 creir,
616 3516 725 3568 Salmas.
748 3514 855 3580 eparut's
865 3514 965 3565 reddere
976 3517 1017 3578 erc,
1030 3518 1093 3568 Tcd
1105 3514 1234 3579 (Thuan.)
1250 3524 1274 3566 et

147 3583 231 3645 paruis
242 3581 340 3632 reddere
351 3583 392 3646 erla,
404 3599 428 3634 a.
446 3600 463 3633 u
472 3583 557 3648 paruis
568 3582 667 3633 reddere
678 3583 720 3646 ear,
735 3576 765 3633 θ.
782 3599 812 3632 err
822 3583 898 3645 urum,
910 3584 943 3634 K.
961 3591 988 3632 ut
995 3600 1045 3648 par
1055 3583 1112 3648 eiua,
1124 3582 1231 3646 reddere,
1242 3579 1272 3646 β.

150 3690 181 3699 ..
200 3650 279 3712 etium,
292 3655 315 3701 d.
346 3650 486 3714 Quarum,
503 3666 545 3701 ac.
565 3695 595 3703 -
622 3653 728 3701 consciae
740 3649 913 3716 quadrupedes,
925 3667 946 3702 c.
973 3660 1052 3702 coacte
1063 3651 1236 3717 quadrupedes,
1248 3654 1271 3702 d.

149 3717 322 3782 quadrupedes,
334 3735 356 3768 a.
375 3717 541 3784 quadrupedes
552 3719 666 3781 consciae,
677 3716 728 3784 βγ.

184 3787 198 3847 ξ
213 3791 268 3836 153.
291 3795 378 3848 serum,
391 3788 472 3838 omitt.
486 3791 550 3839 aod.
571 3830 601 3839 -
624 3786 778 3852 deponuntur,
794 3802 816 3837 o.
836 3827 867 3836 ..
893 3787 918 3836 ia
935 3786 990 3837 locu
999 3785 1113 3853 sn'pfdr's,
1125 3804 1147 3837 a.
1174 3794 1202 3834 ut
1216 3784 1273 3835 loeis

142 3850 253 3915 fluidis,
265 3867 286 3902 c.
304 3861 330 3901 ut
335 3853 439 3919 srfpidia
451 3854 514 3918 locu,
528 3858 551 3905 d.
572 3898 602 3906 ..
621 3855 761 3905 condiuntur
772 3871 869 3919 quoque,
881 3856 917 3906 ita
929 3872 976 3907 uos
989 3857 1141 3920 scripsimus.
1160 3851 1272 3902 condiun-

151 3926 195 3979 tur,
206 3920 302 3984 Appul.
320 3921 556 3986 conductorumque,
565 3927 627 3974 aod.
645 3922 837 3987 condiunturque,
846 3919 896 3988 βγ.
908 3965 939 3973 ..
951 3922 1052 3973 cumt'uo.
1071 3930 1094 3971 et
1102 3920 1162 3985 quis,
1172 3923 1270 3986 Appnl.

183 3989 268 4049 5154.
293 3987 435 4050 persudat,
449 4004 470 4039 c.
489 4031 520 4040 -
544 3990 735 4054 Punhuaacd.
760 4033 791 4042 ..
813 3989 1072 4052 cumiuhiemaacd.
1096 4031 1128 4038 -
1150 3992 1271 4050 semedd.

149 4058 249 4118 seuque,
261 4071 304 4104 ac.
324 4096 354 4105 ..
372 4055 532 4120 perfunditur,
545 4075 568 4108 a.
587 4101 618 4111 ..
637 4060 839 4122 uomitusue.
859 4100 890 4109 ..
909 4056 1058 4119 nasturtium,
1071 4073 1094 4107 a.
1112 4057 1271 4119 musturtr‘um,

149 4124 191 4172 cd.
205 4164 235 4172 -
255 4122 394 4185 cantatur,
407 4140 427 4173 e.
442 4165 472 4174 .-
491 4126 757 4190 senatuumque-aed.
776 4126 923 4187 concitatria
933 4122 985 4190 βγ.
1004 4124 1200 4189 ceruumque&
1218 4127 1271 4191 pul.

183 4193 268 4254 5155,
295 4198 321 4239 ut
333 4188 597 4258 nimio,ad(Appul.)
623 4194 735 4255 nimium
761 4235 791 4244 ..
819 4193 954 4255 aureuma.
981 4192 1082 4256 unarum,
1100 4209 1123 4244 e.
1149 4140 1263 4255 nordad

151 4265 264 4308 rur-meato
275 4258 376 4320 uarium,
389 4259 486 4324 Appul.
