2896 4792
205 274 246 340 36
559 290 765 338 saranatis
786 290 981 338 maronias

205 441 280 507 alibi
303 442 403 518 ferre,
433 463 492 506 neo
519 464 584 505 non
611 451 644 506 et
664 441 770 528 palma
790 441 909 525 'ubique
931 440 1018 505 nasci
1040 450 1096 504 aut
1116 452 1191 505 nata
1213 463 1326 526 parere

204 543 255 608 vel
277 563 348 606 oum
370 541 518 628 promisit
540 541 636 607 etiam
658 542 861 626 ostenditque
881 541 1027 618 educare,
1051 551 1212 625 tamquam
1225 542 1327 607 invita

203 641 374 730 pepererit.
406 641 481 707 Non
508 642 605 710 habet
632 643 711 708 viris
736 643 845 708 frutex
866 642 1005 708 cinnami
1025 642 1060 706 in
1083 639 1198 726 Syriae
1220 643 1327 708 vicina

203 743 422 830 perveniendi.
444 742 519 809 Non
533 744 642 809 ferunt
655 744 771 809 amomi
785 742 941 826 nardique
956 742 1088 808 deliciae
1102 765 1143 808 ne
1157 742 1192 806 in
1202 743 1326 809 Arabia

202 846 333 931 quidem
356 867 397 908 ex
417 844 512 909 India
535 855 568 910 et
595 867 677 910 nave
705 845 904 933 peregrinari
911 867 921 922 3
956 844 1124 929 temptavit
1150 843 1233 908 enim
1264 842 1325 909 Se·

201 948 314 1013 leucus
341 969 410 1012 rex.
442 945 528 1010 Illud
557 967 705 1010 maxume
732 946 848 1010 mirum
875 945 964 1029 ipsas
987 944 1172 1029 plerumque
1194 944 1325 1010 arbores
1341 963 1389 1009 rua

202 1048 329 1112 exorari
351 1056 388 1111 ut
415 1047 525 1110 vivant
553 1056 650 1129 atque
679 1046 922 1131 transmigrent,
956 1044 1126 1128 aliquando
1154 1056 1187 1108 et
1211 1066 1231 1108 a
1258 1046 1326 1111 solo

201 1149 357 1234 inpetrari
377 1158 415 1220 ut
446 1147 566 1212 alienas
598 1145 663 1210 alat
695 1145 897 1230 advenasque
929 1146 1057 1222 nutriat,
1087 1146 1210 1211 caelum
1238 1145 1326 1210 nullo

201 1249 296 1314 modo
317 1247 411 1313 flecti.
443 1246 534 1312 Vivit
555 1247 589 1310 in
609 1244 705 1311 Italia
725 1248 847 1333 piperis
869 1247 980 1324 arbor,
1004 1246 1111 1311 casiae
1132 1269 1208 1312 vero
1229 1248 1326 1312 etiam

201 1351 236 1414 in
259 1347 500 1433 septentrionali
522 1347 629 1435 plaga,
651 1347 734 1412 vixit
754 1348 787 1411 in
810 1347 919 1432 Lydia
939 1348 1037 1423 turis3
1068 1347 1127 1412 sed
1148 1348 1233 1413 unde
1256 1370 1324 1412 sor·

201 1448 315 1515 bentes
348 1471 460 1514 sucum
492 1471 618 1514 omnem
651 1471 692 1513 ex
718 1448 759 1513 iis
788 1450 872 1514 soles
902 1459 1114 1532 coquentesve
1138 1449 1324 1514 lacrimam?

151 1547 155 1556 ’
201 1551 286 1616 Illud
313 1573 470 1637 proxume
497 1549 614 1614 mirum
640 1550 758 1614 mutari
785 1561 932 1614 naturam
957 1549 992 1613 in
1012 1548 1126 1614 iisdem
1148 1559 1244 1634 atque
1264 1571 1324 1636 pro
1340 1566 1386 1612 rat

200 1652 341 1718 indiviso
376 1652 492 1717 valere.
532 1648 676 1716 (ladrum
703 1650 860 1715 aestuosis
881 1649 1025 1736 partibus
1047 1649 1197 1728 dederat,
1230 1662 1262 1716 et
1289 1652 1324 1716 in

201 1754 315 1839 Lyciis
328 1752 546 1840 Phrygiisque
560 1751 721 1816 montibus
735 1751 886 1816 nascitur.
908 1749 1029 1837 Frigus
1051 1751 1214 1816 inimicum
1234 1753 1323 1818 lauro

201 1857 330 1933 fecerat,
354 1852 466 1918 sedin
489 1849 631 1937 Olympo
654 1851 812 1937 copiosior
832 1851 919 1918 nulla
940 1863 998 1917 est.
1024 1850 1120 1919 Circa
1141 1853 1323 1939 Bosporum

204 1953 414 2020 Cimmerium
440 1953 474 2017 in
495 1951 711 2038 Panticapaeo
739 1952 819 2018 urbe
846 1953 931 2018 omni
957 1953 1051 2019 modo
1076 1953 1233 2020 laboravit
1253 1954 1321 2020 Mi·

203 2055 358 2120 thridates
385 2076 444 2120 rex
467 2066 500 2119 et
521 2053 618 2118 ceteri
640 2053 763 2118 incolae
785 2076 948 2119 sacrorum
970 2066 1057 2120 certe
1079 2078 1176 2120 causa
1195 2057 1322 2121 laurum

202 2166 407 2240 myrtumque
427 2154 563 2230 habere;
596 2177 661 2219 non
687 2154 838 2242 contigit,
871 2178 945 2220 cum
972 2154 1091 2241 teporis
1112 2157 1241 2222 arbores
1263 2157 1321 2221 ab·

201 2255 326 2320 undent
346 2256 407 2334 ibi,
436 2255 575 2341 punicae
596 2255 727 2338 ficique,
756 2255 820 2320 iam
841 2256 917 2320 mali
939 2267 972 2321 et
993 2257 1056 2342 piri
1074 2257 1321 2324 laudatissimae.

202 2355 354 2441 Frigidus
376 2356 489 2421 eodem
512 2366 615 2421 tractu
635 2379 700 2421 non
721 2357 834 2443 genuit
856 2356 1002 2435 arbores,
1024 2358 1150 2443 pinum,
1174 2359 1321 2437 abietem,
1338 2373 1384 2418 1³8

202 2456 336 2542 piceam.
373 2455 419 2521 Et
447 2457 524 2542 quid
551 2457 665 2521 attinet
691 2458 725 2521 in
751 2457 892 2522 Pontum
924 2458 1033 2523 abire?
1065 2457 1155 2524 iuxta
1186 2460 1323 2526 Romam

202 2556 305 2643 ipsam
328 2569 496 2625 castaneae
519 2557 683 2641 cerasique
704 2580 800 2645 aegre
822 2559 1025 2643 proveniunt,
1054 2560 1180 2645 persica
1200 2560 1234 2624 in
1252 2559 1321 2623 Tu-

205 2658 332 2724 sculano
340 2683 348 2736 ;
369 2681 443 2723 nam
458 2680 556 2723 nuces
573 2655 718 2724 Graecae
733 2680 804 2725 oum
820 2659 925 2725 taedio
938 2660 1132 2738 inseruntur,
1147 2660 1323 2726 Tarracina

205 2759 293 2823 silvis
315 2770 457 2825 scatente
479 2781 598 2823 earum.

204 2967 267 3014 sime
284 2968 352 3030 apud
367 2967 478 3015 Plinium
496 2965 591 3015 iactum
608 2966 688 3018 inisse
704 2976 757 3018 tam
773 2985 806 3018 ex
823 2971 910 3019 codice
925 2967 1108 3030 Bambergensi
1125 2964 1231 3026 aliisque
1246 2966 1321 3014 bonis

203 3033 287 3092 libris,
301 3048 376 3096 quam
389 3047 421 3081 ex
433 3034 679 3098 Pseudo-Appuleii
690 3036 832 3100 fragmento
844 3039 1027 3094 senescimus,
1040 3033 1141 3082 fuerunt
1152 3030 1209 3080 iona
1222 3033 1320 3093 erraris,

162 3124 166 3129 ·
205 3101 274 3149 unde
291 3101 367 3149 ceteri
384 3101 495 3149 derivati.
517 3101 619 3152 Nomen
634 3112 719 3154 autem
736 3103 833 3152 Aratea
847 3118 892 3168 per
906 3105 1060 3152 vicinitatem
1072 3099 1193 3148 simillimi
1209 3100 1321 3149 nominis

205 3166 309 3230 Assyria
317 3175 355 3216 est
366 3169 519 3231 absorptum.
537 3168 658 3233 Superest
666 3173 749 3222 malus
758 3172 869 3234 Assyria,
881 3171 908 3218 in
918 3172 989 3220 cuius
997 3168 1150 3233 proprietate
1159 3168 1321 3216 describenda

205 3233 305 3283 brevior
321 3249 375 3284 ease
392 3249 466 3297 posse
483 3236 530 3286 sibi
547 3238 678 3289 ridebatur
694 3240 760 3289 Plin.
774 3238 839 3288 Oum
851 3237 918 3286 enim
934 3242 972 3296 la,
986 3241 1025 3286 61.
1044 3249 1101 3284 eam
1117 3249 1170 3283 non
1187 3235 1236 3284 nisi
1253 3237 1321 3299 apud

204 3302 296 3351 Persas
306 3309 331 3350 et
338 3302 429 3352 Medos
438 3301 501 3352 serre
510 3304 623 3366 dixisset,
635 3307 662 3355 id
671 3306 721 3355 hoo
732 3307 790 3354 loco
799 3307 881 3354 denuo
893 3305 985 3353 addere
995 3302 1087 3362 noluit,
1097 3304 1206 3352 confisus
1214 3303 1320 3353 lectores

205 3369 545 3498 ilmiiddmllffliii
561 3374 597 3490 ‘i
613 3382 730 3498 11.qu
746 3369 1163 3486 ‘⁸⁰³¹5..‘·¹..⁸.·3⁰.⁰.¹¹.i.¹¹t³‘·..-..ttit
1180 3370 1319 3486 ”titii

206 3503 297 3552 Tadr.
315 3451 528 3571 ededucdleJ-flri
539 3456 575 3555 ’.ἶ
595 3453 801 3567 lassiquaraffdir
807 3518 868 3565 quae
880 3445 1007 3567 tamqaalnq,
1022 3500 1093 3568 dssy.
1112 3473 1285 3568 erperen't,
1297 3474 1320 3553 al

202 3569 303 3632 peperit,
316 3567 418 3636 Τᾱβγ.
437 3615 468 3624 ,
487 3581 510 3622 ct
520 3588 588 3633 nave,
604 3565 721 3621 OTadr.
739 3585 805 3630 nave,
817 3565 846 3629 β.
865 3611 896 3620 ,.
911 3587 969 3635 pere
985 3571 1081 3635 anuuit,
1093 3573 1137 3620 ad.

238 3635 254 3697 ξ
269 3641 324 3687 136.
344 3638 482 3704 pleramque
497 3641 599 3697 arborea,
615 3639 659 3688 ad.
684 3637 782 3685 arborea
795 3635 942 3701 plenamque,
958 3589 1009 3703 tir.
1029 3680 1059 3689 -
1085 3637 1237 3701 aliquanta,
1248 3655 1268 3688 r.
1288 3677 1319 3687 -

205 3702 362 3768 advenasque,
376 3711 419 3758 ad.
443 3706 558 3769 altusque,
570 3707 600 3754 T.
620 3744 652 3753 ..
674 3703 798 3765 modo,ad
814 3703 900 3768 (codd.
913 3705 983 3770 Gel.)
999 3705 1066 3755 modo
1078 3706 1136 3769 quit,
1146 3708 1179 3756 K.
1199 3746 1229 3753 -
1252 3704 1320 3766 vicit,

205 3772 293 3823 Tadr.
316 3773 376 3823 vixit
387 3783 418 3835 et,
427 3770 457 3834 β.
475 3813 507 3822 -
524 3771 662 3832 scortantes,
674 3786 696 3820 a.
716 3812 746 3820 ..
765 3770 809 3833 aa,
821 3789 844 3823 a.
864 3813 895 3822 -
912 3772 976 3835 salas,
988 3791 1011 3823 a.
1031 3774 1061 3822 ’-
1080 3781 1236 3835 coquentesve,
1249 3773 1319 3822 Tad.

205 3837 441 3905 aequanimitatis.

239 3905 324 3968 5137.
342 3907 432 3966 iisdem,
448 3898 476 3953 θ.
500 3901 582 3951 laidem
594 3901 658 3966 locu,
673 3907 727 3954 adr
754 3942 760 3955 .
780 3947 811 3956 ..
832 3923 879 3970 pro
889 3905 1026 3969 indicatae
1043 3905 1129 3969 (codd.
1143 3906 1212 3969 Gel.)
1230 3907 1254 3955 in
1263 3923 1320 3970 pro·

204 3973 261 4034 vua,
273 3991 313 4025 ar.
339 3965 706 4037 improvitaK'enimpravrka,
744 4009 800 4023 ...
821 3971 1319 4038 Gedramrel.‚Theophr.l.l1V.5‚3.

205 4081 237 4090 ..
255 4050 285 4104 et,
297 4045 357 4092 adr.
384 4045 417 4098 at,
430 4039 503 4087 codd.
515 4037 572 4088 Gel.
583 4034 613 4100 β.
632 4079 663 4088 -
681 4039 848 4105 fugatusque,
861 4045 885 4092 d.
903 4083 934 4092 ..
957 4042 1023 4105 certi,
1036 4045 1060 4092 d.
1083 4042 1241 4103 certaminum,
1253 4043 1320 4091 Pint.

203 4148 235 4158 ..
256 4106 371 4172 anparai,
387 4097 456 4155 Oad.
470 4106 527 4156 Om.
539 4122 559 4155 r.

237 4179 322 4241 5138.
346 4171 406 4221 idern
419 4180 508 4222 tractus
523 4174 564 4224 vel
580 4181 668 4222 natura
679 4173 757 4224 eodem
770 4183 854 4238 tractu
866 4179 899 4227 K.
919 4218 950 4227 -
973 4177 1031 4241 quit,
1043 4194 1066 4227 a.
1085 4218 1116 4227 -
1140 4192 1203 4236 aon,
1216 4190 1255 4225 ar.
1279 4189 1320 4222 nec

202 4258 257 4304 nan,
270 4236 340 4304 ἁβγ,
354 4279 385 4290 ...
403 4239 474 4302 ulva,
485 4243 517 4293 Τ.
536 4240 674 4293 usnam.
691 4241 827 4293 Tarracina
837 4243 904 4294 silvia
912 4252 987 4294 scatet
997 4261 1085 4306 canam,
1097 4261 1117 4294 r.
