2896 4792
205 283 267 351 304
557 299 761 347 usruanms
782 299 978 349 maroam

204 452 239 515 in
266 459 358 515 aceto
378 448 481 514 mulso
511 462 636 516 coctum
643 473 652 525 3
680 459 820 517 tenesmo
841 453 874 516 in
896 452 984 537 pulte
1006 451 1164 528 medetur,
1198 463 1327 539 tempo·

204 573 276 616 rum
290 548 454 616 doloribus
469 550 615 616 inlinitur
630 551 759 629 elixum,
781 563 812 617 ot
827 553 952 638 pusulis
967 564 1104 633 coctum,
1120 553 1235 620 dehinc
1250 578 1327 620 cum

204 654 298 719 melle
312 652 437 731 tritum,
456 651 534 718 tussi
559 674 633 717 cum
647 652 741 737 adipe
756 663 883 719 vetusto
897 655 1065 720 decoctum
1084 655 1134 720 vel
1155 677 1227 721 oum
1241 654 1328 721 lacte

204 765 271 834 aut,
294 755 321 820 si
340 753 472 841 sanguis
487 753 583 819 etiam
598 763 780 819 exscreatus
801 754 851 819 vel
872 777 965 839 pura,
989 753 1049 819 sub
1072 776 1176 839 pruna
1198 765 1327 822 coctum

203 867 336 922 etcum
364 855 468 920 mellis
493 855 565 938 pari
590 854 685 965 modo
713 865 891 940 sumptum,
919 855 1094 933 convolsis,
1123 856 1227 940 ruptis
1250 879 1327 936 cum

204 959 271 1025 sale
292 967 325 1024 et
345 957 431 1033 oleo;
459 977 534 1020 nam
555 977 628 1021 cum
649 955 745 1041 adipe
766 965 905 1021 tumores
927 965 1092 1040 suspectos
1115 968 1216 1021 sanat.
1252 955 1325 1023 Ex·
1340 973 1376 1039 aa

204 1059 303 1125 trahit
327 1056 443 1123 fistulis
470 1056 549 1121 vitia
576 1077 650 1122 cum
671 1054 825 1142 sulphure
847 1066 880 1122 et
900 1057 1021 1135 resina,
1050 1057 1145 1122 etiam
1170 1056 1326 1124 harundi-

203 1182 261 1226 nes
281 1180 355 1224 cum
375 1156 464 1244 pioe;
487 1158 605 1244 lepras,
627 1157 779 1236 lichenas,
802 1157 975 1246 lentigines
990 1157 1155 1224 exulcerat
1170 1170 1327 1244 sanatque

202 1282 277 1327 cum
303 1259 452 1346 origano,
487 1258 538 1324 vel
560 1259 640 1323 cinis
662 1259 731 1324 eius
754 1279 794 1324 ex
815 1258 885 1323 oleo
908 1267 941 1323 et
962 1280 1041 1343 garo
1063 1258 1190 1338 inlitus,
1225 1260 1271 1325 sio
1294 1271 1328 1327 et

203 1383 311 1428 sacros
332 1360 433 1448 ignis3
458 1359 632 1448 suggillata
652 1370 761 1425 autem
783 1369 839 1424 aut
859 1358 993 1424 liventia
1014 1358 1055 1423 ad
1075 1360 1214 1426 colorem
1227 1360 1326 1425 redu-

202 1463 248 1528 cit
267 1461 461 1528 conbustum
482 1483 523 1527 ex
544 1460 649 1526 melle.
683 1457 830 1525 Credunt
851 1470 883 1524 et
902 1458 1094 1524 comitialem
1108 1461 1257 1527 morbum
1271 1483 1325 1526 sa-
1339 1477 1375 1522 aa

201 1563 283 1642 nari,
309 1561 431 1648 siquis
452 1584 490 1629 eo
511 1563 545 1628 in
567 1561 647 1629 cibis
668 1570 778 1625 utatur
806 1581 844 1626 ac
872 1559 1012 1646 potione,
1042 1572 1216 1645 quartanas
1242 1584 1325 1648 quo-

200 1685 264 1748 que
285 1674 438 1730 excutere
459 1674 570 1750 potum
591 1673 690 1746 caput
710 1685 811 1729 unum
830 1685 903 1728 cum
921 1662 1070 1747 laserpici
1085 1663 1177 1730 obolo
1196 1665 1230 1730 in
1248 1665 1325 1730 vino

201 1775 339 1830 austero.
356 1763 487 1830 Tussim
499 1764 605 1830 etalio
619 1763 714 1828 modo
729 1785 766 1828 ao
780 1773 945 1848 pectorum
962 1765 1209 1849 suppurationes
1221 1789 1325 1852 quan·

201 1865 332 1932 taslibet
353 1874 445 1931 sanat
466 1865 588 1930 fractae
608 1864 767 1929 incoctum
788 1862 882 1930 sabae
902 1876 999 1948 atque
1020 1866 1066 1930 ita
1087 1867 1121 1930 in
1142 1865 1215 1932 cibo
1235 1889 1325 1932 sum·

201 1977 294 2052 ptum
315 1966 418 2032 donec
439 1966 606 2033 sanitatem
627 1965 793 2041 restituat3
815 1965 893 2031 facit
907 1976 940 2032 et
958 1987 1087 2031 somnos
1107 1977 1204 2052 atque
1218 1967 1253 2032 in
1274 1978 1325 2034 to-

202 2077 270 2132 tum
281 2067 509 2133 rubicundiora
519 2089 664 2152 corpora.
688 2064 848 2132 Venerem
860 2088 989 2151 quoque
1001 2067 1144 2137 stimulat
1156 2090 1228 2133 cum
1241 2067 1325 2133 cori-
1339 2080 1373 2128 57

202 2167 302 2234 andro
324 2167 420 2234 viridi
439 2168 550 2234 tritum
570 2179 744 2255 potumque
765 2190 783 2234 e
805 2190 903 2233 mero.
926 2167 1017 2234 Vitia
1038 2169 1107 2233 eius
1129 2180 1215 2248 sunt,
1237 2171 1326 2253 quod

202 2270 312 2335 oculos
332 2269 477 2348 hebetat,
505 2269 685 2335 inflationes
705 2268 797 2347 lacit,
822 2269 1020 2334 stomachum
1040 2268 1139 2335 laedit
1160 2269 1325 2354 copiosius

201 2379 383 2456 sumptum,
406 2370 492 2435 sitim
513 2369 628 2458 gignit.
652 2368 770 2435 Cetera
792 2379 903 2434 contra
924 2369 1071 2454 pituitam
1091 2380 1122 2434 et
1142 2369 1270 2456 gallinis
1293 2380 1326 2437 et

201 2472 389 2560 gallinaceis
415 2470 548 2557 prodest
574 2471 710 2535 mixtum
738 2471 824 2535 farre
852 2469 886 2532 in
913 2469 996 2535 cibo.
1030 2470 1179 2537 Iumenta
1197 2471 1325 2536 urinam

200 2572 336 2639 reddere
359 2584 457 2657 atque
479 2593 545 2636 non
567 2571 710 2657 torqueri
727 2571 867 2649 tradunt,
891 2572 918 2636 si
939 2571 1014 2637 trito
1030 2583 1146 2637 natura
1161 2582 1324 2658 tangatur.

243 2673 321 2740 VII.
343 2675 395 2738 24.
416 2672 579 2738 Lactucae
601 2681 715 2758 sponte
735 2670 895 2737 nascentis
911 2671 1050 2756 primum
1071 2694 1175 2758 genus
1190 2683 1240 2738 est
1255 2673 1326 2738 eius
1340 2685 1376 2732 58

201 2796 298 2860 quam
319 2775 484 2861 caprinam
505 2783 631 2850 vocant,
653 2795 718 2856 qua
739 2773 846 2859 pisces
867 2772 903 2838 in
924 2797 1013 2839 mare
1035 2773 1159 2840 deiecta
1179 2773 1327 2860 protinus

202 2885 359 2944 necantur
386 2875 442 2961 qui
469 2886 544 2939 sunt
571 2875 607 2939 in
631 2895 799 2961 proxumo.
834 2874 943 2969 Huius
972 2876 1022 2942 lac
1048 2875 1221 2962 spissatum
1247 2896 1327 2942 mox

237 3048 352 3110 inlinitur,
364 3049 461 3113 Appul.
486 3046 613 3110 inlinetom,
630 3065 653 3099 a.
678 3047 770 3110 illitum,
782 3052 799 3100 d
804 3044 855 3114 βγ.
873 3089 905 3101 ..
928 3057 1016 3099 coctam
1033 3046 1117 3097 deliine
1131 3064 1183 3098 cum
1198 3045 1266 3097 mella
1282 3047 1326 3097 tri-

205 3126 260 3176 tum,
271 3117 368 3181 Appul.
386 3123 475 3164 coctum
487 3113 540 3165 dein
556 3132 608 3167 cam
624 3115 690 3165 melle
701 3124 796 3173 coctum,
809 3116 841 3166 Τ.
867 3124 954 3167 coctam
966 3114 1051 3165 Made
1062 3131 1113 3164 com
1125 3114 1191 3164 melle
1203 3115 1290 3174 citam,
1302 3131 1325 3165 a.

204 3192 290 3234 coctam
306 3199 357 3232 cum
368 3181 435 3232 melle
448 3183 534 3246 tritum,
547 3187 570 3236 d.
589 3191 676 3233 coctam
688 3200 740 3233 cum
749 3182 823 3246 melle,
835 3181 920 3234 deinde
931 3183 1019 3246 tritum,
1030 3178 1052 3245 β
1055 3197 1081 3247 γ.
1095 3224 1126 3232 -
1144 3190 1216 3243 vdua,
1227 3183 1327 3246 Appnl.

205 3293 237 3302 ..
253 3259 303 3311 aut,
315 3266 331 3299 a
342 3249 429 3313 (codd.
443 3249 513 3314 Gal.)
530 3259 563 3314 at,
575 3254 599 3303 d.
613 3293 643 3301 -
662 3259 801 3314 exseratur,
813 3254 830 3302 d
842 3249 929 3313 (codd.
942 3249 1012 3313 Gal.)
1029 3258 1152 3310 maetam,
1164 3265 1186 3299 a
1206 3290 1237 3299 -
1253 3265 1327 3312 puro,

207 3313 308 3370 orsu.
328 3317 462 3382 purulenta,
475 3321 547 3371 codd.
560 3318 616 3371 Gel.
627 3314 657 3381 β.
676 3360 708 3369 -
726 3325 822 3382 metam,
839 3322 912 3370 codd.
924 3318 981 3371 Gal.
999 3325 1090 3382 potum,
1103 3320 1146 3369 ad.
1166 3357 1197 3367 -
1215 3314 1299 3379 mdis,
1311 3332 1328 3366 a

204 3385 292 3450 (codd.
305 3385 376 3450 Ger.)
393 3385 467 3448 melle,
477 3387 531 3438 Td.
549 3428 581 3437 ..
600 3385 724 3447 conada,
736 3402 758 3436 a.
776 3393 799 3434 et
809 3385 934 3448 convulsis,
946 3388 970 3436 d.

238 3457 307 3520 §bra
333 3452 468 3515 arundinea,
485 3471 501 3504 a
516 3452 640 3520 (Appul.)
665 3453 816 3516 dmndines,
828 3457 853 3504 d.
879 3451 1006 3515 aimoino,
1023 3454 1053 3504 Τ.
1075 3453 1114 3504 At
1125 3468 1148 3502 v.
1160 3452 1226 3504 Plin.
1238 3449 1327 3502 Vale‘r.

205 3529 230 3582 ³,
242 3528 283 3573 49.
302 3563 333 3572 ..
353 3520 436 3582 lienus,
447 3522 544 3587 Appul.
564 3563 595 3572 ..
620 3470 726 3586 capillut,
737 3522 834 3586 Appnl.
854 3563 885 3571 ..
903 3529 980 3570 autem
992 3521 1150 3586 oatAppul.
1171 3528 1221 3581 out,
1233 3515 1327 3584 adssy.

206 3631 239 3640 ..
256 3588 292 3639 od
301 3587 408 3651 colorem,
420 3592 464 3641 ad.
482 3597 525 3639 act
535 3588 679 3652 colorem,A
698 3591 751 3655 pnl.
771 3629 802 3638 ..
820 3589 955 3650 οοηιὸαεεοε,
968 3590 993 3639 d.

239 3661 307 3722 §aa
325 3656 417 3718 aunam,
431 3650 546 3708 OTadr.
564 3672 660 3717 sonore,
672 3605 701 3718 d.
720 3698 752 3707 -
770 3655 836 3718 α’ὁίε,
849 3657 872 3707 Τ
885 3654 1008 3720 (Appul.)
1026 3655 1083 3715 cibo,
1096 3649 1189 3719 adssy.
1207 3693 1232 3701 -
1253 3669 1328 3716 quor-

206 3733 387 3788 tcnoaqaopae,
403 3725 569 3776 Plin.Valer.
582 3729 643 3786 3,6.
660 3765 692 3774 ..
720 3740 790 3772 unam
801 3727 918 3783 cum‚ad.
944 3740 1022 3784 antea,
1038 3724 1135 3788 Appul.
1154 3762 1186 3772 ..
1208 3728 1328 3784 aspecto-

205 3808 294 3910 roam,a
309 3789 478 3910 (illid'OGel')
497 3793 586 3844 Omitt.
599 3794 627 3852 d,
645 3793 688 3855 qui
704 3799 851 3855 anemurum
867 3793 1064 3856 suprascriptum
1080 3792 1165 3841 habet.
1183 3830 1215 3839 ..
1231 3789 1330 3852 factos,

229 3897 285 3910 ...
304 3876 317 3909 c
417 3876 440 3910 a.

241 3927 309 3987 §aa
327 3896 458 3988 serioue,
470 3943 485 3977 a
497 3924 621 3991 (Appul.)
640 3967 671 3975 ,
690 3925 773 3987 varia,
785 3927 882 3991 appu.
894 3967 926 3978 -
945 3933 968 3974 a
977 3924 1078 3990 aazias,
1091 3941 1115 3976 a.
1127 3925 1216 3977 omna
1230 3924 1282 3974 us.
1297 3964 1329 3973 -

204 3994 309 4059 prodeat,
321 4011 371 4045 om.
385 3998 409 4045 d.
428 4036 459 4044 ..
477 3993 593 4055 Iumenta,
606 4011 622 4043 a
633 3991 720 4055 (codd.
733 3993 803 4056 Get)
821 3993 942 4055 Iumenta,
955 3997 978 4044 d.
997 4035 1028 4044 ..
1047 3994 1071 4042 ai
1081 4010 1107 4042 ao
1119 3993 1182 4054 trito,
1194 4009 1213 4042 r.

242 4061 310 4122 ᾖδε.
336 4079 410 4126 penus
425 4070 467 4123 eat,
483 4064 520 4112 ad
537 4058 660 4125 (Appnl.)
687 4069 721 4110 eat
731 4059 843 4125 penuafi
866 4100 872 4112 .
891 4104 921 4114 ..
949 4062 1006 4123 eiua,
1025 4076 1075 4112 om.
1087 4061 1184 4125 Appnl.
1203 4099 1234 4109 ..
1262 4056 1331 4108 coola

207 4138 304 4190 vercel,
317 4130 348 4179 Τ.
368 4171 398 4179 -
417 4145 525 4193 asparso,
537 4130 634 4194 Appnl.
655 4127 777 4191 odspoao,
790 4132 824 4186 ad
856 4145 880 4195 γ.
901 4171 931 4180 ..
950 4127 1044 4190 collato,
1057 4131 1102 4181 ad.
1124 4126 1220 4205 collato,
1231 4127 1331 4190 Appul.

206 4194 307 4257 conlato,
319 4197 351 4246 T.
371 4237 401 4246 ..
418 4197 547 4259 mamonis,
559 4199 602 4248 ad.
626 4212 703 4260 moue,
714 4196 812 4261 Appul.
831 4238 861 4247 -
880 4195 964 4260 doura
975 4195 1072 4262 Appul.
1091 4237 1122 4246 ..
1147 4194 1263 4259 proludat,
1274 4195 1332 4258 Ap·

206 4263 259 4328 pul.
273 4262 406 4328 proludant,
417 4265 483 4328 adr.
