2896 4792
396 292 467 338 arn.
483 290 571 338 mn
599 289 677 337 oar.
694 288 781 336 xxa
811 286 908 335 onor.
924 289 1006 335 ran.
1195 271 1257 335 461

138 458 276 512 strumas
290 442 432 508 discutit.
456 439 621 506 Stomachi
641 439 771 525 quidem
793 462 891 504 causa
911 438 1058 525 polentae
1079 437 1174 502 modo
1196 459 1255 523 po·
1272 455 1319 500 ita

138 545 279 611 tionibus
305 543 513 629 inspergitur.
551 539 646 623 Quae
676 550 751 606 sunt
778 538 943 616 ambusta,
976 559 1060 623 aqua
1086 538 1258 604 semicocta

138 656 245 722 curat,
272 658 385 729 postea
407 643 483 707 trita
504 652 536 707 et
556 662 615 728 per
636 641 777 707 cribrum
799 641 901 706 effuso
923 639 1063 717 finiure,
1085 642 1160 704 mox
1181 661 1256 724 pro-

137 745 272 812 cedente
295 745 456 810 curatione
470 742 581 807 addito
596 744 706 819 melle3
729 765 771 809 ex
784 764 882 827 posca
897 742 1044 825 coquitur
1059 740 1102 806 ad
1116 750 1256 826 guttura.

138 847 199 912 Est
221 858 254 912 et
274 830 426 932 palustris
447 845 516 910 lens
538 865 597 928 per
625 865 659 908 se
680 865 816 908 nascens
837 843 871 907 in
893 865 977 926 aqua
997 864 1062 907 non
1076 841 1257 927 profluenti,

138 947 394 1036 refrigeratoriae
414 955 561 1022 naturae,
581 956 715 1031 propter
735 944 822 1028 quod
850 943 1092 1010 collectionibus
1113 943 1260 1008 inlinitur

140 1060 171 1114 et
191 1070 340 1114 maxume
362 1045 515 1134 podagris
538 1056 570 1111 et
591 1067 649 1131 per
671 1067 705 1110 se
728 1055 856 1110 etcum
882 1045 1011 1130 polenta
1018 1068 1027 1121 ;
1060 1044 1198 1131 glutinat
1228 1055 1260 1110 et

138 1152 302 1216 interanea
322 1147 529 1235 procidentia.
738 1238 740 1243 Ι

176 1253 227 1316 71.
244 1250 306 1316 Est
317 1249 471 1315 silvestris
485 1247 696 1334 elelisphacos
709 1246 795 1311 dicta
808 1243 954 1324 Graecis,
965 1246 1037 1312 aliis
1052 1245 1198 1332 sphacos,
1211 1269 1260 1311 sa·
1274 1260 1323 1306 146

140 1351 206 1415 tiva
225 1351 311 1416 lente
331 1350 433 1416 levior
454 1360 485 1415 et
507 1348 584 1414 loho
606 1348 728 1413 minore
750 1359 846 1431 atque
869 1347 1001 1413 sicciore
1024 1359 1056 1413 et
1070 1348 1260 1413 odoratiora.

141 1450 203 1515 Est
230 1462 261 1516 et
287 1452 422 1516 alterum
451 1472 555 1536 genus
583 1449 652 1514 eius
682 1448 879 1527 silvestrins,
911 1447 1008 1514 odore
1040 1448 1148 1535 gravi;
1181 1449 1261 1515 haec

141 1549 257 1617 mitior.
289 1549 382 1616 Folia
403 1548 500 1615 habet
521 1551 646 1616 cotonei
667 1549 743 1613 mali
765 1548 872 1638 effigie
901 1548 960 1614 sed
985 1549 1109 1614 minora
1130 1560 1162 1615 et
1183 1571 1260 1614 can·

141 1651 235 1729 dida,
263 1673 346 1736 quae
372 1674 445 1715 cum
471 1651 568 1715 ramis
594 1650 799 1716 decocuntur.
841 1648 975 1715 Menses
1003 1649 1065 1715 ciet
1092 1660 1126 1715 et
1151 1641 1261 1715 urin'as

143 1763 176 1817 et
197 1753 383 1838 pastinacae
404 1751 546 1816 marinae
566 1751 651 1817 ictus
672 1762 779 1829 sanat,
810 1762 970 1836 torporem
997 1761 1105 1816 autem
1130 1750 1262 1817 obducit

141 1876 295 1938 percusso
321 1854 401 1918 loco.
439 1851 567 1916 Bibitur
596 1874 669 1917 cum
695 1849 855 1939 apsinthio
883 1865 916 1916 et
949 1851 1158 1936 dysinteriam
1188 1875 1261 1918 cum
1277 1864 1323 1910 1⁴⁷

141 1955 215 2021 vino
247 1954 360 2020 eadem
395 1953 609 2019 conmorantis
639 1974 764 2018 menses
799 1952 914 2032 trahit,
948 1952 1138 2018 abundantis
1177 1953 1262 2018 sistit
1328 1996 1331 2001 -

142 2054 274 2120 decocto
296 2055 365 2121 eius
386 2065 477 2140 pot03
511 2077 570 2141 per
597 2077 632 2120 se
658 2054 799 2140 inposita
819 2053 919 2119 herba
939 2053 1105 2119 volnerum
1126 2053 1260 2142 sangni-
1300 2064 1305 2069 “

143 2179 217 2220 nem
244 2156 382 2222 cohibet.
417 2155 542 2242 Purgat
571 2167 603 2222 et
630 2155 826 2242 serpentium
846 2177 972 2221 morsus
994 2167 1042 2234 et,
1073 2154 1160 2221 siin
1186 2157 1261 2221 vino

142 2256 354 2338 decoquatur,
387 2257 530 2341 pruritus
557 2255 686 2320 testium
714 2256 813 2321 sedat.
849 2255 962 2321 Nostri
991 2258 1048 2340 qui
1074 2279 1160 2322 nunc
1186 2266 1262 2322 sunt

143 2356 284 2421 herbarii
305 2354 532 2440 elelisphacum
552 2352 688 2431 Graece,
710 2355 843 2420 salviam
864 2355 982 2421 Latine
1002 2367 1116 2422 vocant
1135 2368 1261 2424 mentae

143 2455 288 2534 similem,
310 2477 431 2534 canam,
454 2454 620 2519 odoratam
626 2479 636 2530 ;
658 2465 771 2541 partus
792 2466 953 2520 emortuos
975 2477 1014 2520 ea
1035 2456 1182 2541 adposita
1204 2479 1261 2522 ex·

144 2557 284 2634 trahunt,
306 2556 383 2621 item
405 2555 523 2622 vermis
544 2556 687 2621 ulcerum
709 2556 908 2639 auriumque.
1136 2560 1138 2565 ’

187 2659 238 2723 72.
253 2657 349 2724 Cicer
361 2668 394 2722 et
407 2655 552 2723 silvestre
566 2666 626 2734 cst,
641 2655 726 2721 foliis
740 2656 844 2722 sativo
860 2655 972 2735 simile,
987 2656 1085 2722 odore
1098 2658 1201 2745 gravi.
1225 2657 1261 2726 Si
1276 2673 1324 2719 raa

143 2758 266 2844 largius
287 2769 445 2836 sumatur,
465 2757 553 2824 alvos
576 2752 708 2824 solvitur
729 2767 762 2823 et
782 2756 903 2823 inflatio
924 2756 1121 2824 contrahitur
1143 2769 1174 2825 et
1195 2771 1261 2826 tor·

144 2857 248 2934 mina3
272 2869 391 2925 tostum
413 2857 572 2925 salubrius
592 2858 737 2926 habetur.
776 2855 943 2927 Cicercula
964 2859 1137 2926 etiamnum
1158 2861 1262 2948 magis

176 3030 191 3092 δ
206 3038 262 3083 lto.
279 3030 328 3082 Eat
337 3031 458 3094 alanno,
470 3034 518 3084 Vd
530 3032 637 3097 (Rigalt.
649 3048 690 3098 ap.
703 3033 810 3086 Salmas.
823 3049 905 3085 exerc.
918 3050 942 3099 p.
956 3041 1013 3086 288.
1025 3036 1051 3085 b.
1064 3031 1110 3097 G.)
1126 3033 1175 3082 Eat
1186 3042 1209 3083 et
1218 3034 1261 3084 ail-

142 3100 234 3160 vana,
247 3094 304 3160 Τβ.
332 3100 451 3152 Ceterum
466 3116 491 3150 r.
505 3102 622 3152 Dioscor.
636 3107 661 3163 3,
673 3106 714 3151 35.
738 3142 769 3150 -
796 3100 960 3165 chlhplocos3
976 3118 1022 3168 pro
1038 3102 1089 3152 hac
1103 3116 1166 3152 voce
1184 3102 1261 3152 habet

143 3173 165 3214 ct
176 3165 307 3229 displicens
317 3168 421 3230 Rigalt,
439 3175 462 3216 ct
472 3167 590 3231 cliapacaa
602 3169 636 3229 V,
655 3175 678 3215 ct
688 3165 812 3231 ltispltccos
823 3185 848 3231 a,
860 3168 992 3233 eliopbceos
1004 3171 1057 3231 Td,
1075 3178 1098 3218 et
1107 3167 1261 3232 elelisphacos

142 3246 167 3296 γ.
186 3273 218 3281 ..
240 3231 304 3281 dicta
319 3233 426 3296 Graecis,
439 3235 546 3286 Salmas.
574 3233 667 3284 daton
681 3234 788 3294 Graeca
801 3233 952 3301 VTadssr.
976 3278 1007 3286 -
1034 3236 1098 3298 aliis,
1111 3232 1181 3287 ead.
1205 3236 1261 3300 olis,

142 3301 176 3349 V.
194 3301 225 3348 cb
236 3298 299 3361 aliis,
310 3295 360 3366 βγ.
373 3342 405 3350 -
422 3300 530 3365 sphacos,
541 3303 619 3355 Hand.
632 3317 646 3352 c
658 3304 730 3352 codd.
742 3304 831 3354 indicis
842 3304 918 3353 huius
929 3303 994 3353 libri.
1004 3305 1086 3366 focos,
1100 3305 1123 3352 d.
1133 3305 1214 3366 facea,
1226 3307 1259 3354 V.

134 3365 297 3428 scenomata.
318 3367 415 3431 pharos,
429 3370 502 3420 codd.
520 3369 628 3420 Salmas.
639 3364 669 3431 β.
693 3411 724 3419 -
747 3370 829 3419 sativa
841 3368 913 3434 lentc3
925 3386 971 3434 pro
984 3372 1024 3421 his
1036 3387 1075 3420 vv.
1088 3373 1184 3421 habent
1195 3370 1261 3420 dicta

142 3433 223 3482 action
234 3433 293 3483 lente
304 3436 351 3486 Vd
363 3433 450 3497 (codd.
464 3434 592 3500 Salmas),
610 3435 676 3486 dicta
686 3437 756 3486 satin
769 3436 860 3486 calcate
871 3453 894 3496 a,
911 3437 960 3485 Est
970 3454 1000 3486 ec
1010 3438 1089 3487 suavo
1101 3436 1161 3486 lente
1171 3433 1200 3499 β,
1217 3437 1260 3487 Eo

143 3508 178 3549 est
192 3498 272 3550 satim
289 3500 349 3551 lente
364 3517 389 3567 r.
416 3505 581 3569 Participium
593 3501 658 3553 dicta
669 3519 684 3552 e
695 3506 865 3570 superioribus
877 3506 944 3554 male
956 3513 995 3555 est
1006 3506 1149 3569 repetitum.
1175 3506 1261 3556 Multa

142 3568 169 3618 in
186 3570 226 3619 his
244 3576 326 3621 tentat
340 3571 408 3621 Pint.
432 3611 464 3621 ..
490 3569 605 3633 levior,a.
628 3569 884 3633 levicrc,Vd(codd.
897 3571 1017 3636 Salmas.)
1041 3613 1072 3621 -
1098 3572 1258 3633 sirmond.

141 3634 234 3697 siccior,
246 3638 280 3688 V.
299 3678 330 3686 -
348 3636 490 3700 adorature,
501 3654 524 3689 a.
542 3637 672 3700 odoratior,
683 3639 739 3689 Vd.
757 3680 789 3689 ..
807 3638 943 3700 salvatrice,
955 3640 1030 3692 Vad.
1048 3638 1169 3702 alumini,
1180 3636 1209 3701 β.
1227 3681 1258 3690 -

142 3701 282 3766 effipiam,
293 3719 316 3754 a.
334 3704 426 3769 ffpies
437 3713 467 3768 et,
479 3707 533 3757 Vd.
548 3748 579 3756 -
598 3705 747 3769 decoquatur,
759 3707 793 3757 V.
807 3747 838 3755 ..
856 3706 943 3768 Messa,
955 3708 988 3757 V.
1003 3749 1033 3757 -
1053 3706 1168 3770 moriam,
1181 3708 1258 3758 Vad.

143 3769 289 3821 omiserunt
298 3772 378 3822 Hard.
391 3781 445 3837 etr
456 3789 598 3839 operarum,
609 3780 640 3824 nt
649 3775 755 3836 videtur,
766 3775 837 3824 vitio.
856 3815 887 3823 -
912 3781 1034 3838 torporem,
1046 3774 1100 3825 Va.
1118 3791 1221 3839 copore,
1234 3777 1258 3825 d.

176 3835 191 3897 δ
206 3841 261 3888 147.
287 3846 311 3886 ct
321 3837 472 3903 montense,
483 3842 537 3892 Vd.
559 3849 582 3891 ct
592 3840 732 3906 dysinteria,
744 3856 767 3890 a.
789 3839 982 3906 ctdysentcrioc,
998 3837 1026 3892 θ.
1048 3841 1084 3890 od
1094 3839 1258 3907 dysenteriam,

141 3899 193 3968 βγ.
212 3944 243 3954 ..
266 3921 346 3966 meam,
358 3907 392 3956 V.
411 3947 441 3956 ..
460 3915 527 3970 potu,
539 3909 563 3958 d.
583 3949 613 3958 -
635 3907 739 3972 Paryct,
754 3901 834 3960 OVd.
856 3908 951 3972 Rana,
964 3924 987 3958 a.
1005 3905 1156 3974 Sanctssy.
1176 3951 1206 3960 ..
1225 3909 1258 3960 lc·

142 3970 278 4034 lbphcocm
291 3974 345 4023 Vd.
363 3971 528 4036 rilclr‘spaouar,
540 3992 563 4026 a.
577 4015 609 4025 ..
625 3973 727 4024 salviam
739 3975 836 4037 Latiae,
848 3978 923 4028 Vad.
941 3975 1030 4024 Latine
1040 3975 1150 4037 saloim
1161 3973 1212 4042 βγ.
1225 4020 1256 4030 -

141 4047 263 4101 emortncs,
276 4041 329 4090 Va.
352 4047 460 4102 marimo,
475 4034 526 4091 Od.
549 4081 580 4091 -
604 4041 715 4103 extrahit,
726 4044 759 4093 K.
778 4082 809 4092 -
832 4043 935 4093 ulcerum
947 4042 1150 4108 curiamquc,ad.
1177 4044 1258 4095 aloem

141 4105 287 4169 auriumque,
299 4108 332 4156 V.
350 4107 443 4156 carim
455 4106 609 4173 ulcerumque,
619 4104 671 4173 βγ.

175 4176 261 4236 5148.
286 4174 372 4235 convo,
388 4173 491 4239 γίνεται
506 4173 539 4224 δὲ
556 4171 601 4225 καὶ
619 4171 717 4240 ἄγριος
731 4172 889 4242 ἐρέβινθρς,
906 4173 1003 4239 ὅμοιος
1019 4178 1078 4238 τοῖς
1093 4175 1209 4244 φύλλοις
1220 4177 1259 4246 ap*

139 4238 245 4307 ἡμέρῳ,
258 4242 376 4293 Dioscor.
388 4248 413 4304 a,
428 4249 483 4294 lac.
501 4244 591 4297 Onia.
602 4244 679 4295 Vati.
