2896 4792
195 287 258 352 308
547 302 752 351 neruosus
775 304 970 353 ursronrsn

237 452 331 521 VIIL
354 454 405 518 rt.
428 451 498 518 Nec
519 452 595 519 beta
618 454 687 519 sine
709 454 860 520 remediis
887 466 935 520 est
957 466 1101 539 utraque.
1141 457 1218 524 Sive
1241 481 1324 525 con-
1342 477 1378 522 ss

194 556 290 621 didae
313 554 382 620 sive
404 554 516 643 nigrae
536 555 629 620 radix
652 577 765 621 recens
787 567 820 622 et
841 556 1024 622 madefacta
1054 580 1213 643 suspenso
1238 560 1327 626 funi-

195 658 267 725 culo
289 666 400 722 contra
424 657 621 744 serpentium
632 679 758 723 morsus
780 657 897 723 efficax
918 679 988 722 esse
1017 658 1150 739 dicitur,
1181 661 1327 727 candide
1375 710 1381 717 2

194 757 270 824 bete
291 768 382 824 cocta
404 768 530 824 etcum
553 758 615 824 elio
637 759 737 824 crudo
760 769 889 844 sumpta
909 769 1021 824 contro
1036 760 1175 837 taeniss3
1206 761 1325 847 nigrae

193 859 319 926 radices
339 860 384 924 ita
403 860 438 925 in
459 881 544 944 aqua
559 870 669 927 oootoe
692 860 889 949 porriginem
906 860 1030 939 tollunt,
1053 869 1150 946 etque
1168 864 1202 928 in
1218 872 1326 928 toturn

193 960 358 1026 efficacior
379 982 449 1027 esse
473 961 610 1029 traditur
631 961 734 1050 nigre.
757 959 865 1027 Sucus
887 961 956 1027 eius
978 963 1094 1047 capitis
1112 963 1239 1028 dolores
1262 986 1323 1030 ve·

193 1073 279 1127 teres
303 1073 335 1127 et
356 1061 546 1148 vertigines,
575 1062 653 1128 item
675 1062 817 1128 sonitum
842 1062 969 1128 surium
998 1064 1090 1128 sedat
1115 1064 1239 1130 infusus
1268 1065 1323 1144 iis,

192 1163 256 1230 ciet
281 1163 417 1228 urinam.
453 1161 608 1229 Medetur
636 1163 843 1248 dysintericis
870 1163 988 1229 iniecta
1015 1175 1047 1229 et
1074 1165 1186 1231 morbo
1208 1166 1321 1252 regi03
1338 1179 1374 1228 ro

192 1264 318 1330 dolores
341 1284 470 1348 quoque
486 1264 632 1330 dentium
646 1265 738 1330 sedat
751 1265 861 1330 inlitus
884 1286 982 1330 sucus
1004 1277 1036 1330 et
1055 1277 1166 1331 contra
1185 1288 1323 1351 serpen-

193 1366 274 1432 tium
294 1365 378 1432 ictus
399 1365 501 1443 valet,
525 1365 582 1431 sed
604 1365 680 1432 huic
706 1365 806 1432 radici
835 1366 1004 1431 dumtaxat
1027 1389 1219 1453 expressum
1247 1368 1324 1454 ipsa

193 1489 269 1534 vero
291 1468 422 1532 decocta
445 1466 655 1551 pernionibus
677 1466 825 1543 occurrit.
865 1468 952 1534 Alba
974 1468 1146 1554 epiphoras
1174 1468 1266 1533 sedat
1289 1479 1324 1535 et

192 1567 290 1634 fronti
307 1567 398 1633 inlita
419 1567 567 1635 aluminis
581 1589 684 1654 parvo
703 1567 847 1644 admixto
864 1569 974 1657 ignem
995 1592 1130 1637 ssorum.
1155 1567 1234 1636 Sine
1248 1569 1322 1638 oleo
1338 1585 1369 1634 71

194 1670 269 1734 trite
290 1669 337 1735 sic
354 1678 387 1734 et
401 1668 525 1735 odustis
547 1669 705 1735 medetur.
727 1667 772 1733 Et
786 1680 897 1736 contra
920 1670 1105 1756 eruptiones
1127 1671 1323 1757 popularum

194 1780 348 1855 coctoque
371 1769 483 1836 eadem
505 1780 616 1836 contre
638 1771 747 1836 ulcere
769 1792 852 1854 quse
875 1779 1009 1857 serpunt
1029 1771 1183 1850 inlinitur,
1206 1781 1238 1837 et.
1252 1771 1322 1837 slo-

193 1871 296 1958 peoiis
319 1870 419 1936 crude
440 1881 474 1934 et
494 1869 659 1936 ulceribus
672 1893 755 1957 quae
777 1871 810 1935 in
833 1872 937 1957 capite
960 1885 1102 1937 monent.
1127 1870 1233 1938 Sucus
1248 1873 1323 1938 eius

194 1995 267 2039 cum
289 1971 382 2037 melle
405 1971 538 2038 naribus
559 1972 682 2039 inditus
711 1982 808 2059 ceput
834 1984 963 2060 purgat.
1002 1971 1160 2057 Coquitur
1187 1983 1219 2037 et
1245 1995 1323 2038 cum

192 2060 345 2139 lenticula
372 2073 481 2139 addito
510 2085 611 2153 coeto,
645 2085 681 2139 ut
708 2084 852 2140 ventrem
886 2075 1024 2153 molliat3
1062 2075 1199 2140 validius
1229 2086 1323 2141 cocta

193 2173 359 2240 fluctiones
381 2175 533 2240 stomachi
556 2187 588 2241 et
610 2176 730 2242 ventris
754 2175 848 2241 sistit.

237 2277 288 2341 28.
312 2274 375 2340 Est
398 2285 432 2341 et
454 2274 528 2342 bete
551 2277 706 2343 silvestris
727 2299 824 2361 quem
846 2277 996 2342 limonion
1018 2292 1142 2356 vocant,
1164 2278 1218 2342 alii
1238 2301 1322 2344 neu·
1339 2293 1373 2340 rs

194 2376 316 2455 roides,
338 2375 474 2443 multum
489 2364 668 2445 minoribus
682 2378 767 2445 foliis
784 2377 1044 2462 tenuioribusque
1059 2401 1096 2443 ec
1106 2378 1322 2458 densioribus,

194 2477 342 2549 undecim
365 2500 470 2564 saepe,
494 2481 584 2547 caule
606 2481 663 2546 lili
686 2479 796 2545 Huius
818 2480 893 2544 folio
908 2477 1066 2544 ambustis
1079 2479 1169 2545 utilia
1182 2491 1323 2567 gustan-

194 2579 274 2644 tium
301 2601 338 2647 os
365 2579 586 2668 adstringunt,
614 2603 722 2647 semen
752 2580 910 2646 acetabuli
938 2602 1089 2646 mensure
1116 2580 1324 2664 dysintericis

228 2792 296 2855 569.
313 2789 430 2852 remediis,
442 2792 466 2840 d.
484 2788 595 2850 remedio,
603 2784 633 2851 β.
646 2789 704 2840 Om.
717 2805 739 2839 e
758 2789 927 2852 'lbansoripsit
938 2787 1002 2838 haec
1012 2787 1078 2838 Plio.
1091 2788 1178 2838 Valer-
1191 2795 1215 2849 2,
1228 2795 1270 2839 21.
1288 2830 1321 2840 ..

193 2856 312 2909 madidae
323 2866 349 2908 et
359 2857 486 2923 biynes.
512 2854 744 2920 mndidastniqra,
760 2857 814 2909 Τὰ.
832 2896 864 2906 ..
889 2863 989 2919 sumpto,
1005 2871 1028 2904 s.
1048 2895 1080 2904 -
1107 2856 1207 2919 mmmr,
1223 2858 1259 2906 ita
1272 2873 1322 2909 nos
1398 2893 1406 2906 .

194 2927 346 2991 scripsimus
365 2925 447 2985 meos,
459 2920 550 2989 adfir.
564 2964 596 2974 ..
614 2923 658 2985 ita,
674 2939 725 2974 om.
738 2925 762 2974 d.
774 2964 806 2974 ..
827 2921 938 2983 trodimr,
951 2924 996 2972 sd.
1014 2921 1110 2984 dicitnr,
1121 2925 1152 2974 Τ.
1166 2965 1197 2973 ..
1216 2922 1322 2974 dolorem

194 2995 290 3045 omisso
303 3001 399 3055 veteres,
415 2993 514 3057 AppuL
532 3033 563 3041 -
583 2990 718 3056 serriyines
729 2990 823 3055 insusse
834 2991 942 3053 mersbur,
959 2989 1013 3038 item
1025 2989 1125 3039 sonitum
1137 2991 1230 3040 comum
1241 2991 1323 3053 sedat,

195 3063 229 3112 K.
246 3102 278 3112 ..
298 3059 343 3122 bis,
356 3078 379 3111 a„
396 3058 431 3122 Is,
444 3062 468 3110 d.
487 3100 519 3109 ..
537 3058 576 3120 cit,
588 3075 607 3109 r.

228 3148 243 3210 ς
257 3150 296 3197 70.
313 3143 403 3207 inlitos,
413 3162 436 3195 a„
448 3142 520 3204 ellim,
530 3145 554 3194 d.
564 3184 597 3194 ..
607 3142 668 3205 buin,
677 3145 749 3195 Tsd.
767 3141 797 3204 ir,
808 3144 841 3194 Κ.
859 3141 934 3202 duim,
942 3137 994 3207 βγ.
1005 3142 1156 3206 Legendum
1165 3158 1225 3194 vero
1235 3150 1274 3194 est
1283 3141 1323 3192 tie

194 3214 211 3263 i.
220 3228 242 3264 e.
251 3212 277 3262 in
288 3212 334 3262 buo
344 3229 379 3276 re,
388 3213 415 3264 in
423 3212 554 3264 doloribus
562 3212 677 3262 dentium
686 3221 711 3262 et
719 3212 872 3275 serpentium
882 3211 981 3271 ictibus,
994 3225 1083 3261 succus
1096 3211 1230 3261 dumtaxat
1240 3211 1323 3262 rodiei

195 3295 329 3345 expressus
345 3282 425 3344 valet,
448 3281 527 3345 ipsius
548 3294 609 3330 vero
627 3282 701 3330 betae
719 3294 808 3330 succus
825 3279 988 3342 pernionibus
1006 3279 1126 3342 occurrit3
1150 3280 1181 3328 de
1197 3279 1321 3328 adverbio

195 3346 366 3410 bicvradat,
379 3353 418 3399 90.
437 3362 468 3398 2
492 3346 581 3408 radice,
593 3349 626 3399 Κ.
646 3387 677 3398 ..
699 3345 856 3407 Atonrdr.
882 3344 1002 3406 Aunes„
1025 3343 1104 3394 Albae
1114 3361 1203 3406 mrem,
1215 3341 1267 3410 βγ.
1287 3386 1321 3396 -

195 3423 218 3464 et
220 3415 310 3480 fronti,
321 3415 418 3481 Appul.
428 3415 521 3479 fronte,
533 3411 624 3480 sdssy.
644 3456 675 3465 -
697 3413 809 3475 alumine,
821 3414 853 3465 Κ.
867 3455 898 3464 -
914 3429 1000 3477 parvo,
1012 3414 1079 3464 Tad
1090 3411 1215 3478 (Appul.)
1230 3429 1321 3477 pauco,

194 3478 245 3548 βγ.
262 3485 342 3534 Dore
353 3499 377 3535 r.
388 3485 503 3535 Dioscor.
517 3490 540 3544 2,
555 3489 611 3534 149.

228 3575 296 3638 571.
319 3576 396 3639 sicet,
412 3576 534 3642 Appulei.
564 3569 731 3640 lieetadssy.
760 3572 914 3634 salustii&
944 3571 1014 3633 nilico,
1027 3574 1078 3623 K2.
1108 3573 1149 3622 Ita
1163 3572 1199 3621 sic
1210 3573 1226 3622 i.
1239 3587 1260 3622 e.
1273 3571 1321 3622 lure

194 3643 300 3695 mixtura
317 3645 392 3695 etiam
408 3645 502 3711 legitur
517 3647 585 3710 §42
604 3684 636 3694 ..
662 3640 752 3703 ulcero,
768 3658 792 3692 e.
818 3639 955 3701 circemd.
980 3680 1003 3689 ..
1033 3639 1152 3704 alopiciir,
1168 3640 1266 3705 Appul.
1286 3681 1321 3690 -

194 3709 271 3773 buius,
288 3713 384 3778 Appub
406 3753 432 3762 -
458 3711 548 3772 inlitus,
565 3711 664 3776 Appul.
680 3751 713 3761 ..
741 3705 997 3773 (loquitur—molliat,
1010 3709 1054 3757 ed.
1077 3706 1320 3758 Modicemmlenti.

124 3838 126 3843 ,
195 3778 250 3829 culo
264 3788 288 3829 et
303 3788 369 3829 aceto
386 3788 452 3830 cocto
468 3787 570 3829 ventrem
586 3777 673 3840 mollit,
688 3777 786 3842 Appul.
804 3817 835 3826 ..
864 3783 942 3836 cocus,
960 3770 1080 3826 OTKad
1098 3773 1221 3840 (Appul.)
1247 3783 1321 3839 cocto,

193 3843 223 3909 β.
242 3889 272 3898 ..
288 3847 425 3912 fluctiones,
441 3849 514 3899 Tad.
533 3845 713 3909 fluctuationes,
729 3845 762 3895 Κ.
782 3883 812 3893 ..
840 3850 863 3892 et
873 3842 962 3892 ventris
973 3842 1129 3903 sistit,'l¹ad.
1155 3843 1320 3892 emtitetnen·

113 3954 116 3961 .
194 3915 244 3976 tn‘s,
255 3912 308 3980 βγ.

227 4010 243 4073 ς
256 4013 295 4060 72.
314 4007 462 4068 tesmonium,
474 4001 496 4056 θ
508 4003 631 4071 (Appul.)
648 4007 691 4056 De
701 4021 728 4056 re
739 4021 764 4054 v.
774 4005 892 4056 Diosoor⁴
904 4013 928 4064 4,
944 4010 983 4056 16.
996 4045 1027 4054 -
1046 4003 1091 4053 olii
1101 4001 1232 4064 nemoider,
1245 4006 1319 4055 codd.

193 4076 307 4127 Barbari.
333 4074 380 4125 olii
393 4073 470 4125 ioculo
485 4073 555 4136 idern,
571 4090 594 4123 a
620 4071 668 4123 olii
678 4070 824 4135 meolcidem,
836 4074 860 4123 d.
888 4072 1059 4122 mlisinooro.
1082 4070 1157 4129 Idem,
1169 4072 1267 4136 Appul.
1287 4112 1319 4122 ..

193 4141 272 4205 multo,
288 4144 377 4194 Doleo.
401 4184 433 4194 ..
453 4137 730 4206 solib,ad(Appn1.)
751 4141 839 4192 omitt
855 4137 906 4206 βγ.
930 4181 960 4191 ..
988 4139 1145 4200 densioribus,
1161 4141 1177 4189 d
1195 4137 1320 4203 (Appul.)

192 4207 430 4274 dmriombmsolirs,
446 4206 517 4275 adr.
540 4250 571 4259 ..
597 4223 676 4273 saepe,
693 4210 739 4260 ad.
757 4209 843 4273 sam,
858 4210 956 4274 Appul.
981 4249 1012 4259 ..
1039 4205 1155 4268 nodemm,
1173 4222 1224 4256 om.
1243 4220 1267 4256 a.
1286 4247 1320 4257 ..

192 4275 260 4327 cante
272 4276 328 4340 lilii,
344 4279 459 4330 Mnrbac.
476 4293 516 4346 ap.
528 4277 634 4330 corner.
651 4277 684 4326 ad
695 4277 812 4327 Dioscor.
824 4284 849 4339 4,
863 4283 902 4328 1⁴.
926 4273 1038 4339 modurn,
1049 4278 1085 4326 nd
1102 4271 1226 4340 (Appul.)
1236 4269 1268 4334 β.
1287 4315 1319 4325 ..
