2896 4792
357 311 428 358 sus.
443 313 504 359 xx.
533 309 612 358 aar.
629 309 811 357 xv-xvn.
844 307 941 356 sscr.
956 310 1039 355 0-0.
1196 291 1259 357 333

138 462 234 528 domo
257 461 374 526 blattas
397 461 569 538 convenire
591 463 633 526 ad
656 483 740 540 eam,
763 458 913 547 privatim
937 458 1092 526 adversus
1115 460 1259 547 scorpio·

138 585 196 628 nes
219 585 259 629 ex
281 576 379 648 posca
399 562 533 648 pollere,
563 561 666 627 tribus
692 560 776 627 loliis
799 584 839 626 ex
864 561 935 626 oleo
956 571 1112 647 peruncto
1132 561 1260 627 homine

137 663 243 749 fugari
267 663 432 749 serpentis.

181 765 231 829 64.
254 764 285 828 Ε
308 766 465 830 contrario
486 785 570 847 quae
593 764 697 829 mollis
719 774 863 842 vocatur,
886 762 1090 848 pilosioribus
1113 763 1199 828 loliis
1221 785 1259 830 ac
1274 785 1323 832 lm

136 864 234 930 ramis
256 876 287 930 et
308 865 475 943 aculeatis,
505 864 580 929 trita
606 865 709 929 mellis
737 864 868 929 odorem
889 863 1003 942 habet,
1033 864 1144 952 digitis
1173 875 1260 931 tactu

137 966 206 1032 eius
222 966 480 1044 cohaerentibus,
502 966 603 1031 altera
621 965 702 1031 turis
717 986 813 1048 quam
827 963 1003 1030 libanotida
1016 965 1259 1051 appellavimus.

119 1067 290 1134 'Medetur
310 1078 445 1152 utraque
467 1077 578 1132 contra
599 1066 757 1152 serpentis
780 1089 820 1131 ex
842 1066 916 1130 vino
938 1065 991 1130 vel
1013 1077 1114 1145 aceto,
1136 1067 1260 1155 pulices

137 1170 233 1234 etiam
257 1170 412 1235 contritae
434 1191 507 1234 cum
529 1191 612 1253 aqua
634 1191 766 1255 sparsae
787 1179 913 1233 necant.

181 1271 232 1336 65.
256 1268 368 1336 Sativa
388 1292 517 1354 quoque
539 1292 614 1336 suos
635 1292 715 1335 usus
736 1268 844 1334 habet.
879 1266 985 1334 Sucus
1012 1268 1090 1334 sius
1111 1291 1184 1334 cum
1206 1291 1258 1336 ro-
1276 1290 1324 1337 ua
1348 1294 1355 1305 ·

137 1393 229 1436 saceo
251 1371 410 1437 auriculas
431 1371 530 1449 iuvat,
553 1371 625 1457 ipsa
646 1371 688 1436 ad
708 1370 792 1435 ictus
813 1369 945 1436 bibitur.
968 1368 1025 1434 Fit
1047 1392 1087 1434 ex
1109 1392 1147 1435 ea
1167 1394 1259 1437 mon·

137 1483 222 1552 tana,
246 1472 388 1559 serpyllo
411 1472 536 1551 similis,
559 1473 674 1538 efficax
695 1483 805 1537 contra
827 1472 995 1558 serpentis.
1029 1469 1168 1537 Urinam
1189 1495 1258 1538 mo-

135 1584 201 1652 vet,
223 1585 343 1663 purgat
363 1597 383 1639 a
403 1585 497 1661 partu
519 1573 685 1650 mulierem
715 1573 954 1640 concoctionem
976 1571 1056 1638 mire
1078 1572 1210 1638 adiuvat
1228 1584 1260 1640 et

137 1675 323 1740 aviditatem
343 1674 384 1738 ad
407 1674 495 1741 cibos
517 1686 654 1758 utraque
682 1675 792 1740 velrin
821 1674 978 1741 cruditate
1006 1672 1122 1740 ieiunis
1144 1675 1178 1739 in
1198 1697 1259 1761 pc·

137 1776 224 1840 tione
251 1775 423 1863 adspersa3
454 1776 572 1840 luxatis
600 1797 728 1860 quoque
755 1776 857 1855 utilis,
891 1786 1001 1842 contra
1027 1798 1199 1862 vesparum
1227 1787 1260 1843 et

136 1875 250 1942 similis
271 1878 354 1942 ictus
382 1899 423 1942 ex
444 1876 547 1942 farina
567 1877 737 1943 hordeacia
767 1888 799 1943 et
820 1900 919 1965 posca
940 1877 1121 1945 utilissima.
1156 1878 1258 1945 Liba-

136 1977 255 2043 notidis
277 1980 339 2043 aha
361 2000 481 2065 genera
506 1978 573 2044 suis
594 1978 672 2045 locis
695 1979 850 2044 dicentur.

177 2077 296 2145 XVII.
330 2080 380 2144 66.
414 2079 567 2166 Piperitis
594 2102 691 2165 quam
720 2091 753 2146 et
782 2081 999 2168 siliquastrum
1025 2083 1259 2170 appellavimus
1274 2070 1323 2150 114

136 2190 245 2245 contra
258 2183 387 2248 morbos
409 2183 575 2248 comitialis
588 2183 721 2249 bibitur.
745 2180 860 2250 Castor
875 2184 982 2249 taliter
1002 2184 1258 2252 demonstrabat:
1407 2173 1409 2176 ’

135 2281 224 2347 caule
246 2285 344 2350 rubro
367 2296 399 2350 et
419 2286 531 2371 longo,
566 2285 674 2350 densis
697 2286 869 2371 geniculis,
898 2286 983 2351 foliis
1005 2287 1105 2366 lauri,
1139 2289 1259 2354 semine

135 2381 219 2460 albo,
243 2385 342 2460 tenui,
364 2397 463 2471 gustu
478 2385 611 2470 piperis,
626 2385 738 2450 utilem
753 2386 906 2474 gingivis,
927 2385 1087 2465 dentibus,
1102 2390 1167 2454 oris
1183 2411 1258 2455 suae

135 2482 228 2549 vitati
250 2497 281 2550 et
303 2487 458 2552 ructibus.
568 2564 572 2577 Ι

179 2585 230 2650 67.
254 2584 436 2674 Origanum
458 2588 545 2672 quod
567 2588 601 2653 in
623 2610 738 2675 sapore
760 2588 898 2653 cunilam
913 2590 1101 2669 aemulatur,
1123 2591 1321 2656 utdixi·1ts

135 2710 222 2767 mus,
255 2690 348 2775 plura
381 2712 502 2777 genera
533 2691 568 2754 in
593 2690 751 2755 medicina
778 2689 874 2755 habet
881 2715 890 2767 3
924 2691 1025 2756 onitin
1052 2692 1104 2757 vel
1129 2693 1259 2778 prasion

135 2789 315 2874 appella'nt,
344 2815 408 2857 non
436 2791 593 2857 dissimile
620 2791 755 2877 hysopo.
797 2790 954 2857 Privatim
980 2793 1050 2859 eius
1075 2816 1154 2859 usus
1180 2816 1259 2860 con·
1327 2824 1333 2831 ·

136 2899 186 2954 tra
212 2890 357 2958 rosiones
384 2893 538 2960 stomachi
566 2893 599 2958 in
629 2894 738 2981 tepida
765 2915 849 2978 aqua
877 2904 909 2960 et
938 2904 1050 2960 contra
1071 2890 1274 2973 cruditates,'

168 3061 183 3123 §
198 3065 363 3129 170..farr'aa,
376 3083 398 3117 a
408 3066 491 3130 farre,
507 3060 584 3119 OTd.
604 3109 634 3118 ..
653 3067 805 3117 sorbitionem
816 3068 911 3118 omisso
923 3066 955 3130 10,
968 3085 991 3119 a
1008 3069 1141 3130 sorbitione,
1153 3071 1206 3121 Tu.

168 3133 183 3194 ξ
197 3133 252 3180 171.
271 3134 374 3193 0010100,
387 3149 409 3183 a.
432 3135 490 3197 eiua,
502 3136 554 3187 Td.
572 3139 612 3186 De
624 3151 651 3185 re
662 3152 686 3186 ν.
698 3137 817 3186 Dioscor.
830 3143 854 3197 3,
870 3143 926 3187 126.
946 3178 976 3187 -
995 3136 1141 3203 0001001090,
1153 3140 1206 3190 Τὰ.
1226 3180 1257 3189 ..

135 3196 231 3258 linetae,
247 3190 326 3249 θΤᾱ.
346 3240 376 3248 ..
395 3201 507 3261 omnibus,
519 3218 541 3252 a.
563 3202 725 3264 0001100110,
741 3196 819 3254 OTd.
840 3245 870 3253 ..
889 3219 977 3266 earam,
990 3221 1013 3254 a.
1037 3203 1072 3254 ad
1082 3222 1170 3267 earam,
1182 3209 1207 3257 d.
1224 3205 1260 3257 ad
1277 3230 1283 3238 ’

135 3280 187 3311 eam
203 3280 260 3323 rem,
277 3265 384 3317 Salmas.
402 3282 484 3318 exerc.
500 3283 527 3332 p.
540 3275 597 3319 908.
613 3271 638 3319 b.
650 3271 684 3320 Δ.
702 3312 733 3321 ..
762 3271 859 3333 abiecto,
875 3286 892 3320 a
908 3269 994 3333 (codd.
1006 3272 1135 3338 Barbari).
1162 3274 1257 3337 obiecto,

135 3332 188 3381 Tu.
208 3373 238 3380 ..
258 3339 356 3390 001010,
368 3336 392 3384 (1.
411 3343 434 3383 01
444 3351 468 3396 a,
481 3350 504 3384 a.
522 3343 603 3397 stota,
615 3331 666 3401 βγ.

169 3398 184 3459 ξ
199 3403 255 3450 171.
269 3398 343 3464 foliis
354 3417 391 3464 ae,
408 3404 481 3452 codd.
492 3402 607 3454 Barbari.
624 3404 712 3456 Omitr.
725 3406 791 3455 Tad
807 3404 846 3470 (et
863 3421 952 3457 omnes
967 3408 1041 3457 codd.
1054 3409 1161 3460 Salmas.
1175 3424 1256 3461 exem.

134 3482 159 3530 p.
170 3472 227 3517 904.
240 3484 262 3518 0.
272 3465 328 3530 Α.).
342 3510 373 3518 -
392 3477 414 3518 et
425 3468 549 3532 aculeatis,
561 3472 626 3522 Tad
637 3468 723 3534 (codd.
735 3474 841 3524 Barbari
854 3483 879 3523 et
891 3473 1030 3538 Salmasii).
1049 3483 1071 3523 et
1082 3478 1163 3527 omitt.
1177 3477 1257 3527 Hasd.

134 3536 221 3595 tacite,
237 3550 262 3600 γ.
282 3578 312 3586 ..
332 3553 349 3585 0
366 3536 461 3604 apim,
478 3541 501 3588 d.
521 3578 552 3587 -
572 3546 648 3602 10010,
663 3531 779 3590 OTaur.
807 3548 897 3600 00010,
914 3537 943 3603 β.
961 3583 992 3592 ..
1012 3541 1195 3605 001100000τῶ00,
1211 3547 1256 3594 ad.

133 3600 358 3665 cohaerescentrbus,
376 3609 448 3657 codd.
461 3605 518 3657 del.
529 3602 579 3671 βγ.
599 3649 630 3658 -
655 3605 787 3656 libanotida
802 3606 985 3672 appellavimra,
1002 3611 1038 3660 ita
1054 3627 1100 3662 nos
1113 3613 1159 3663 scri
1179 3613 1258 3664 simus

134 3670 193 3719 coll.
208 3677 247 3731 19,
263 3675 318 3723 187.
342 3671 495 3724 hbanotidam
507 3673 713 3739 appellaverimus,
729 3669 777 3726 90.
802 3674 951 3725 libanotidem
967 3677 1124 3747 appellamus,
1135 3628 1205 3744 dplr.
1225 3721 1256 3731 ..

134 3752 243 3798 sparsae,
256 3754 278 3787 a.
297 3748 320 3787 et
330 3757 438 3803 sparsae,
450 3743 502 3792 Td.

168 3805 183 3866 ξ
195 3808 250 3854 173.
266 3806 309 3854 Fit
320 3822 349 3854 as
360 3824 397 3870 ea,
409 3811 452 3859 ad.
470 3807 517 3857 Est
525 3808 642 3871 etaltera,
652 3811 684 3861 K.
696 3851 726 3860 ..
736 3818 836 3874 purpat,
848 3813 891 3861 ad.
907 3819 999 3876 parpat
1009 3821 1039 3874 et,
1047 3809 1098 3878 βγ.
1108 3855 1139 3863 ..
1152 3812 1256 3864 00071110-

135 3876 179 3917 tem
188 3868 224 3919 ad
230 3871 300 3932 arboe,
312 3876 357 3924 ad.
375 3873 410 3924 ad
420 3876 483 3925 eibos
495 3875 642 3938 auiditatem,
653 3873 705 3942 βγ.
716 3917 747 3926 -
761 3877 817 3927 locris
825 3877 939 3941 dicentur,
951 3883 996 3929 ad.
1014 3879 1194 3945 01100010νί0000,
1205 3877 1227 3943 β
1230 3898 1256 3949 γ.

166 3940 252 4014 5174.
270 3939 449 4003 11000000.
467 3943 597 4006 Piparam,
614 3948 637 3995 d.
657 3986 688 3994 -
715 3944 887 4009 appellavimus
905 3953 943 4007 19,
962 3952 1019 4000 187.
1037 3989 1067 3998 -
1097 3948 1184 4012 taliter,
1196 3967 1217 4002 r.
1235 3959 1258 4000 et

134 4003 213 4065 ahter,
226 4002 317 4071 adstr.
337 4024 388 4057 eam
402 4008 489 4070 taliter,
501 4012 568 4061 Pint.
588 4053 618 4061 ..
637 4014 874 4074 monstrabamus.
888 4014 945 4064 Gel.

168 4075 253 4136 §lla
277 4073 488 4139 qaodsapore,K
508 4117 539 4126 ..
562 4079 737 4140 cunitha.
763 4077 952 4143 matteaTuss.
972 4121 1003 4130 ..
1030 4081 1132 4132 dirimas
1146 4090 1184 4147 19,
1199 4091 1255 4137 lca.

135 4180 164 4188 ..
190 4140 264 4190 onitin
284 4141 322 4191 vel
337 4143 451 4208 praciam
473 4160 519 4209 pro
536 4145 576 4196 hia
592 4161 632 4196 vv.
648 4148 726 4199 habet
742 4147 874 4213 coniplsals's
886 4147 1021 4212 pharasim
1036 4164 1064 4211 a,
1082 4151 1256 4216 eoaitimpltalt's

129 4206 282 4338 pgtraagad.
301 4251 332 4260 ..
356 4211 516 4274 Privatam.
536 4252 566 4263 ..
586 4213 706 4276 10010000,
717 4232 737 4266 r.
756 4256 788 4267 ..
809 4223 894 4265 matra
905 4215 1040 4280 cruditates,
1056 4211 1154 4270 Orac.
1176 4219 1255 4270 eradi

161 4282 201 4338 tes,
237 4314 242 4327 .
