2896 4792
396 272 466 319 uns.
483 272 584 319 xum.
613 270 691 319 ose.
707 273 793 319 xxx.
823 269 921 320 secr.
938 273 969 315 a.
985 271 1015 314 a.
1195 254 1264 320 elo

142 448 206 512 que
227 425 393 492 robustum
415 423 583 489 collectum
606 422 647 487 sit
667 433 722 487 aut
744 422 882 489 calidum
903 421 1082 500 conditum,
1113 421 1192 485 vitia
1213 421 1264 487 in-

142 527 232 593 nasci
254 547 388 593 necesse
410 534 467 590 est.
490 523 722 589 Diuturnitatis
744 545 860 589 causae
882 524 1006 610 plures:
1029 523 1140 587 autin
1162 523 1265 609 ipsius
1279 542 1326 587 sot
1408 558 1419 575 -

71 706 84 719 ¹
142 623 236 716 gran'i
264 627 366 704 corio,
400 648 485 741 emp,
500 635 548 690 est
575 625 792 703 numerosius,
825 636 860 689 ut
883 625 985 703 milio;
1023 637 1079 689 aut
1101 624 1169 690 suci
1191 625 1264 709 pin-

142 728 282 816 guedine
295 728 352 814 qui
366 749 426 813 pro
440 748 549 793 umore
570 725 688 791 sufficit
709 735 848 805 tantum,
871 738 908 790 ut
930 725 1078 804 sesimao;
1102 736 1158 790 aut
1176 748 1265 791 ama-

141 830 292 906 ritudine,
314 841 351 893 ut
371 829 480 915 lupino
496 837 527 893 et
542 827 715 893 cicerculis.
739 827 777 893 In
799 827 904 892 tritico
924 850 1072 892 maxume
1090 839 1265 893 nascuntur
1322 878 1325 883 .

141 929 302 1008 animalia,
324 930 475 1013 quoniam
491 928 654 1014 spissitate
669 951 727 993 sua
748 929 939 995 concalescit
962 940 993 994 et
1014 928 1135 993 furfirre
1158 950 1265 994 crasso

141 1030 287 1096 vestitur.
311 1030 452 1096 Tenuior
471 1029 592 1094 hordeo
612 1029 716 1115 palea,
740 1030 833 1096 exilis
855 1040 887 1095 et
909 1029 1082 1115 legumini3
1105 1029 1178 1093 ideo
1201 1033 1264 1093 non

141 1141 307 1218 generant.
343 1129 436 1217 Faba
458 1129 668 1195 crassioribus
691 1131 808 1197 tunicis
830 1130 991 1214 operitur;
1020 1130 1061 1196 ob
1088 1130 1148 1195 hoc
1171 1131 1265 1195 effer·
1279 1136 1328 1193 aba

141 1232 254 1297 vescit.
292 1228 434 1313 Quidam
461 1231 567 1316 ipsum
597 1230 740 1301 triticum
761 1230 982 1297 diuturnitatis
1003 1231 1109 1318 gratia
1131 1231 1265 1317 adsper-

141 1343 224 1420 gunt
245 1355 391 1411 amurca,
421 1331 507 1396 mille
537 1331 659 1396 modios
680 1332 898 1416 quadrantali,
927 1332 979 1396 alii
1004 1331 1190 1398 Chalcidica
1211 1343 1266 1397 aut

142 1432 259 1499 Carica
281 1445 369 1499 creta
391 1432 562 1497 autetiam
585 1432 745 1518 apsinthio
752 1459 760 1511 ;
785 1446 833 1498 est
855 1445 887 1497 et
910 1432 1044 1518 Olynthi
1066 1457 1104 1499 ac
1121 1430 1265 1498 Cerinthi
1304 1426 1310 1504 ’,

140 1533 274 1600 Euboea
296 1545 381 1598 terra
401 1555 484 1617 quae
507 1533 673 1619 conrumpi
695 1556 758 1598 non
781 1534 875 1599 sinat.
903 1532 974 1599 Nec
994 1535 1060 1598 fere
1083 1533 1211 1599 condita
1232 1533 1266 1597 in
1279 1553 1329 1599 soe

141 1635 230 1721 spica
243 1634 432 1712 laeduntur3
455 1634 625 1700 utilissime
646 1646 751 1700 tamen
768 1645 936 1700 servantur
950 1635 983 1699 in
999 1634 1165 1700 scrobibus
1185 1655 1265 1718 quos

141 1738 223 1804 siros
237 1750 365 1815 vocant,
387 1750 426 1802 ut
439 1739 475 1802 in
489 1735 699 1823 Cappadocia
720 1760 758 1803 ao
780 1737 919 1804 Thracia
941 1750 973 1802 et
995 1737 1155 1824 Hispania
1171 1787 1265 1804 .....

140 1837 282 1905 Africae.
327 1839 414 1904 Ante
447 1839 557 1903 omnia
590 1850 627 1904 ut
657 1839 741 1905 sicco
769 1841 836 1905 solo
863 1840 941 1903 fiant
968 1849 1095 1916 curant,
1128 1864 1203 1906 mox
1229 1854 1266 1908 ut

100 1946 104 1953 '
140 1939 232 2025 palea
247 1940 510 2016 substernantur,
533 1950 699 2025 praeterea
721 1963 795 2006 cum
811 1941 901 2025 spica
921 1963 980 2005 suo
1002 1941 1191 2006 conduntur.
1215 1940 1266 2005 Ita

139 2041 300 2106 frumenta
322 2041 349 2107 si
370 2041 477 2105 nullus
500 2041 633 2127 spiritus
654 2051 817 2127 penetret,
845 2053 969 2107 certum
996 2052 1046 2107 est
1067 2042 1145 2107 nibil
1166 2042 1265 2106 male-

140 2140 236 2206 ficum
258 2143 356 2208 nasci.
394 2141 501 2207 Varro
523 2152 634 2208 auctor
657 2154 706 2207 est
735 2142 781 2208 sio
803 2143 967 2208 conditum
989 2143 1129 2208 triticum
1151 2144 1265 2208 durare
1279 2159 1327 2208 aot

140 2243 232 2308 annis
253 2267 282 2321 n,
305 2244 429 2309 milium
450 2265 526 2310 vero
548 2265 583 2322 e,
609 2243 716 2309 fabam
739 2254 772 2309 et
792 2244 954 2330 legumina
975 2245 1008 2309 in
1029 2245 1155 2310 oleariis
1177 2243 1266 2310 cadis

73 2360 80 2369 ·
139 2343 238 2409 oblita
260 2345 367 2410 cinere
388 2345 485 2431 longo
500 2355 643 2429 tempore
659 2345 796 2422 servari,
818 2346 905 2411 idem
926 2345 1032 2411 fabam
1054 2370 1074 2410 a
1093 2345 1190 2431 Pyrri
1213 2368 1263 2411 re-

139 2444 191 2529 gis
218 2454 319 2510 aetate
347 2446 380 2508 in
403 2445 540 2528 quodam
563 2467 662 2530 specu
683 2441 877 2511 Ambraciae
906 2468 1007 2530 usquo
1030 2448 1072 2511 od
1092 2447 1264 2532 piraticum

138 2543 276 2628 Pompei
296 2542 412 2632 Magni
439 2544 558 2611 bellum
584 2546 718 2610 durasse
745 2545 837 2610 annis
866 2545 993 2611 circiter
1021 2568 1118 2611 ccxx.
1156 2544 1263 2611 Ciceri

139 2654 267 2710 tantum
277 2645 383 2711 nullae
398 2644 551 2711 bestiolae
564 2645 597 2710 in
611 2645 735 2711 horreis
748 2646 968 2711 innascuntur.
993 2644 1076 2712 Sunt
1090 2647 1144 2731 qui
1159 2646 1263 2712 urceis

173 2820 258 2881 §³04.
284 2816 459 2869 Diuturnitatis
469 2821 523 2879 rel,
535 2790 666 2882 Theophri
680 2821 711 2868 do
723 2834 790 2870 caus.
803 2821 882 2883 plaut.
896 2820 943 2870 IV.
959 2827 997 2880 15,
1010 2828 1034 2871 8.
1059 2861 1091 2871 ..
1114 2827 1140 2867 nt
1151 2818 1224 2880 mitro,
1236 2822 1261 2870 d.

139 2893 182 2933 aut
192 2883 264 2946 milia,
276 2882 324 2947 ιβ.
343 2928 374 2936 ..
393 2895 419 2935 ut
429 2886 537 2949 eesiraae,
549 2904 572 2937 a.
590 2895 613 2936 et
623 2885 730 2948 aesinae,
742 2888 766 2937 d.
784 2886 875 2951 suffieit
885 2895 912 2936 ut
921 2903 1029 2937 smoniae
1042 2895 1139 2948 mutum,
1150 2888 1217 2937 Pint.
1229 2926 1259 2937 ..

139 2951 310 3080 mmai}
333 2953 487 3016 cicerculae.
511 2953 647 3016 cicaeulae,
660 2950 730 3019 ᾱβγ.
750 2995 780 3004 ..
804 2963 940 3016 nascuntur,
953 2956 1027 3006 Tad.
1051 2950 1205 3017 crescantss.
1231 2995 1260 3004 -
1312 2972 1317 2983 ·

173 3090 188 3151 ξ
200 3094 258 3138 305.
277 3097 424 3154 assperpunt,
435 3105 457 3138 a.
472 3131 502 3139 -
518 3086 629 3150 Corinthi,
641 3089 744 3140 Barbas.
755 3105 788 3140 ex
797 3090 929 3154 Theophr.
940 3092 999 3142 hist.
1010 3092 1089 3157 plaut.
1100 3089 1175 3141 VIII.
1188 3094 1227 3150 11,
1238 3094 1260 3142 7.

139 3153 256 3216 Perinthi,
270 3157 294 3204 d.
310 3155 412 3218 perinte,
423 3173 447 3207 a.
872 3203 875 3209 .

173 3221 259 3281 §Sota
287 3231 371 3285 tarnen,
385 3226 408 3273 d.
428 3231 561 3285 tantuma.
580 3265 611 3274 ..
633 3225 752 3288 curbae„
772 3266 803 3275 -
827 3226 923 3286 ao,ad.
946 3220 1076 3289 etinssr.
1097 3266 1126 3274 -
1150 3223 1263 3284 lbrecia,

139 3291 164 3339 d
181 3331 212 3338 -
232 3297 255 3338 et
265 3289 388 3354 Hispania
399 3289 492 3352 Asrice,
502 3292 578 3341 Ded.
602 3289 633 3339 In
643 3291 769 3354 Hispania
780 3300 803 3340 et
812 3291 911 3355 Africa,
924 3287 975 3356 βγ.
998 3293 1073 3343 Hanc
1084 3309 1145 3342 vcro
1156 3294 1262 3356 scriptu·

139 3372 194 3406 ram
205 3373 258 3407 non
270 3373 324 3408 esse
336 3373 421 3409 veram
432 3359 492 3409 hinc
504 3365 581 3422 patet,
599 3362 668 3420 quod
685 3374 739 3409 non
750 3361 834 3409 solum
846 3361 886 3410 hie
898 3360 924 3408 in
935 3361 1015 3421 tetris,
1028 3362 1073 3410 sod
1084 3361 1180 3424 ubique
1191 3360 1262 3411 sicci-

140 3425 199 3474 tatis
207 3426 272 3474 ratio
285 3425 404 3475 habenda
415 3434 476 3476 erat.
498 3425 554 3475 Iam
571 3427 592 3475 si
608 3440 668 3475 oum
683 3427 804 3476 hocloco
817 3441 995 3490 comparamus
1006 3430 1082 3478 verba
1094 3429 1218 3479 Varronis
1230 3430 1262 3478 de

139 3506 166 3540 re
176 3501 238 3542 rust
251 3492 272 3542 L
285 3498 325 3554 57,
340 3500 362 3543 1.
390 3491 494 3550 Quidam
510 3493 630 3556 panaria
645 3491 731 3541 tabent
746 3495 788 3542 sub
801 3494 878 3554 terrie,
896 3492 1027 3557 speluncas,
1039 3511 1101 3558 quae
1111 3503 1197 3544 vocant
1207 3509 1260 3544 σει·

137 3554 216 3622 ρούς,
229 3567 254 3608 ut
265 3559 290 3608 in
304 3558 458 3624 Cappadocia
466 3577 496 3609 ac
508 3559 623 3621 Thracia,
636 3558 688 3621 alii,
700 3567 727 3608 nt
734 3560 758 3609 in
767 3559 892 3625 Hispania
901 3559 1015 3623 ateriae
1023 3570 1115 3626 puteos,
1128 3571 1155 3613 ut
1166 3563 1191 3613 in
1202 3578 1262 3627 aare

142 3623 335 3691 Cartlaqiniensi
345 3635 368 3676 et
382 3626 485 3688 Oscensi,
498 3629 562 3677 nihil
574 3629 729 3692 probabilius
741 3629 848 3687 videtur,
860 3644 937 3692 quarn
949 3630 1062 3680 Plinium
1074 3632 1156 3682 verbis
1167 3632 1261 3681 Varro-

139 3694 178 3742 nis
194 3696 272 3756 paulo
288 3696 458 3760 negligentius
475 3697 603 3759 inspectis,
625 3696 753 3759 scripsisse
769 3703 792 3743 et
807 3692 932 3759 Hispania
946 3703 975 3744 et
994 3696 1024 3745 in
1042 3705 1134 3761 parte
1150 3696 1260 3760 Africae.

138 3758 202 3808 Ante
213 3762 292 3811 omnia
302 3763 348 3813 rel.
374 3763 463 3813 Verba
473 3771 497 3811 et
506 3763 531 3813 in
540 3771 611 3827 parte
623 3764 767 3814 oblitterata
778 3773 837 3813 sunt
847 3778 893 3827 per
905 3764 1023 3814 viciniam
1039 3767 1171 3815 verborum
1182 3771 1205 3812 et
1212 3763 1260 3813 Hi·

140 3827 241 3890 spania3
253 3830 356 3879 illorum
368 3828 446 3893 igitur
453 3831 587 3881 verborum
596 3831 722 3881 delectum
730 3831 837 3881 lacunae
846 3831 989 3894 significatu
997 3832 1112 3882 indicavi.
1125 3871 1155 3881 ..
1168 3839 1261 3891 curant,

139 3897 163 3944 d.
181 3904 301 3957 curantur,
313 3912 336 3946 a.
355 3937 386 3947 ..
405 3905 455 3957 aut,
467 3900 491 3949 d.
511 3939 542 3947 ..
560 3900 745 3960 substernantur,
757 3899 802 3948 ad.
820 3900 990 3961 substernatur,
1002 3894 1053 3963 βγ.
1066 3939 1097 3949 ..
1118 3896 1258 3957 condantur,

126 3962 226 4012 'Dalec
246 4003 277 4013 ..
288 3964 426 4027 frumentis,
437 3966 470 4017 K.
490 4005 521 4015 ..
538 3964 639 4026 innasci,
650 3966 684 4016 Κ.

172 4028 258 4089 §³0⁷-
282 4031 361 4082 Varro
372 4032 390 4081 l.
402 4032 420 4081 1.
440 4073 471 4082 -
489 4031 575 4094 oblitis,
588 4033 620 4094 K,
637 4035 706 4097 quod
722 4035 815 4097 probet
826 4033 945 4085 Schneid.
965 4036 996 4083 ed
1009 4034 1116 4083 Varron.
1132 4039 1154 4094 1,
1168 4039 1208 4084 58.
1228 4074 1258 4083 -

130 4096 220 4159 saban
232 4097 316 4163 Pyrri,
329 4100 353 4148 d.
372 4098 535 4164 sabaPym',
551 4116 574 4150 a.
598 4140 630 4149 ..
656 4097 763 4162 GOXX,
780 4103 925 4152 Pontedera
941 4101 1068 4163 antiquitt.
1085 4115 1110 4164 p.
1125 4106 1180 4152 1⁶9.
1198 4102 1258 4151 coll.

138 4163 257 4216 Schneid.
274 4168 307 4216 ad
322 4166 433 4216 Varron.
451 4181 476 4230 p.
493 4172 552 4216 221.
578 4165 659 4218 CXX
662 4204 669 4229 ,
685 4185 701 4218 a
717 4166 774 4230 (ubi
791 4177 850 4220 ante
869 4169 938 4218 hunc
955 4181 1088 4218 numerum
1109 4183 1160 4219 une
1175 4170 1260 4220 littera

138 4231 222 4294 erasa)
235 4228 307 4298 ᾱβγ.
328 4274 358 4282 -
376 4232 459 4296 urceis,
470 4248 493 4283 a.
512 4233 562 4301 iure
574 4233 616 4295 eis,
629 4236 652 4284 d.
671 4234 739 4294 orcis,
750 4236 818 4285 Piut.
