2896 4792
208 269 249 330 80
560 278 981 329 urrummsxarsromnn

209 431 291 498 Sunt
316 431 372 515 qui
398 431 530 516 pulvere
558 453 686 516 quoque
714 454 794 496 uvas
822 432 864 496 ali
889 432 1033 497 iudicent
1059 432 1329 519 pubescentisque

206 534 374 619 pulverent
397 544 428 596 et
451 532 563 597 vitium
585 532 799 616 arborumque
820 533 984 599 radicibus
1000 534 1206 622 adspergant.
1230 533 1329 616 Quod

207 645 331 702 certum
361 648 412 698 est
442 631 644 698 Narbonensi
672 634 854 720 provinciae
882 647 914 699 et
941 635 1118 701 vindemias
1141 636 1259 702 certius
1282 638 1330 702 sic

207 736 317 820 coqui,
339 735 476 821 plusque
496 735 603 820 pulvis
624 735 670 800 ibi
693 757 790 818 quam
811 735 859 800 sol
880 737 1010 800 confert.

250 837 279 901 6.
311 834 398 900 Finri
419 837 527 921 plures
549 836 765 915 differentiam
798 836 871 922 ipsa
897 859 949 902 res
971 838 1112 922 antiqua.
1148 838 1220 903 Iam
1241 839 1329 925 apud
1344 859 1375 903 so

207 937 387 1002 Homerum
418 938 527 1023 regius
560 960 659 1003 senex
688 961 801 1024 agrum
828 939 874 1002 ita
895 938 1070 1004 laetificans
1092 940 1159 1004 suis
1180 941 1330 1006 manibus

205 1042 377 1128 reperitur.¹
406 1038 541 1124 Augeas
561 1062 620 1104 rex
641 1039 720 1105 haec
741 1039 775 1104 in
799 1037 938 1105 Graecia
960 1042 1158 1127 excogitasse
1180 1044 1328 1122 traditur,

205 1141 387 1227 divulgasse
419 1162 495 1203 vero
524 1138 684 1206 Hercules
710 1139 744 1204 in
769 1139 864 1204 Italia
891 1162 973 1224 quae
1001 1142 1071 1229 regi
1098 1164 1156 1207 suo
1179 1139 1329 1209 Stercuto

205 1241 311 1306 Fauni
332 1241 397 1305 filio
419 1239 461 1304 ob
482 1240 544 1305 hoc
559 1241 724 1306 inventum
738 1241 996 1306 inmortalitatem
1011 1243 1134 1307 tribuit.
1156 1243 1205 1307 M.
1222 1242 1329 1308 Varro

205 1344 419 1431 principatum
442 1341 498 1406 dat
521 1343 686 1407 turdorum
707 1342 782 1407 fimo
805 1365 846 1407 ex
867 1343 1013 1421 aviariis,
1041 1344 1129 1428 quod
1151 1346 1247 1409 etiam
1269 1368 1328 1432 pa·

205 1446 280 1512 bulo
301 1445 399 1510 boum
420 1467 577 1528 suumque
598 1444 792 1530 magnificat,
815 1465 919 1526 neque
939 1444 1001 1509 alio
1015 1445 1087 1511 cibo
1103 1447 1238 1511 celerius
1253 1448 1328 1532 pin·

205 1569 359 1635 gnoscere
381 1545 565 1622 adseverat;
589 1546 629 1609 de
652 1546 769 1610 nostris
791 1544 932 1609 moribus
954 1544 1036 1610 bene
1059 1569 1188 1632 sperare
1210 1560 1276 1627 est,
1300 1549 1327 1614 si

205 1661 292 1714 tanta
313 1647 401 1732 apud
423 1647 561 1712 maiores
583 1648 670 1711 fuere
691 1646 812 1710 aviaria
832 1657 869 1710 ut
890 1669 931 1710 ex
953 1647 1003 1712 his
1026 1649 1097 1733 agri
1113 1660 1328 1714 stercoraren·

205 1764 267 1817 tur.
293 1750 491 1815 Proxumum
513 1745 692 1812 Columella
713 1745 926 1824 columbariis,
950 1770 1023 1812 mox
1045 1749 1220 1834 gallinariis
1240 1749 1327 1829 facit,
1341 1767 1371 1812 tr

204 1850 382 1917 natantium
404 1848 514 1913 alitum
529 1848 689 1913 damnato.
714 1845 824 1913 Ceteri
839 1860 983 1914 auctores
999 1873 1159 1916 consensu
1172 1850 1328 1916 humanas

205 1951 297 2037 dapis
319 1948 441 2013 adhoc
463 1948 608 2034 inprimis
630 1949 798 2015 advocant
822 1950 891 2014 Alii
914 1973 954 2015 ex
968 1951 1017 2015 his
1032 1954 1218 2038 praeferunt
1231 1965 1327 2039 potus
1408 1982 1416 1988 ·

204 2053 383 2128 hominum,
415 2050 448 2114 in
476 2050 683 2115 coriariorum
704 2050 841 2116 officinis
863 2051 928 2136 pilo
955 2053 1154 2132 madefact03
1188 2054 1241 2120 alii
1268 2077 1328 2141 per

205 2177 292 2232 sese,
326 2175 409 2236 aqua
439 2152 557 2216 iterum
584 2153 767 2239 largiusque
796 2153 891 2217 etiam
913 2174 1010 2237 quam
1031 2179 1103 2220 cum
1125 2155 1248 2222 bibitur
1268 2155 1328 2221 ad-

205 2257 314 2320 mixta.
352 2251 483 2339 Quippe
511 2255 584 2339 plus
611 2255 676 2319 iam
701 2253 748 2318 ibi
776 2254 851 2318 mali
874 2255 1067 2320 domandum
1094 2268 1157 2335 est,
1191 2280 1264 2322 cum
1285 2257 1327 2321 ad
1341 2274 1373 2318 ta

205 2358 294 2422 virus
314 2355 394 2421 illud
415 2355 481 2420 vini
502 2355 596 2420 homo
618 2355 798 2421 accesserit.
831 2355 925 2422 Haec
946 2370 1021 2422 sunt
1042 2358 1217 2422 certamina
1238 2357 1323 2421 invi-

205 2481 338 2542 cemque
361 2457 402 2520 ad
425 2456 570 2521 tellurem
592 2456 739 2521 alendam
762 2480 890 2543 quoque
911 2470 1046 2523 utuntur
1067 2455 1220 2524 homines.
1242 2458 1326 2523 Pro-

204 2583 301 2625 xume
323 2557 494 2644 spurcitias
516 2581 609 2623 suum
631 2559 773 2638 laudant,
797 2558 975 2625 Columella
994 2561 1080 2626 solus
1095 2561 1235 2624 damnat.
1258 2561 1327 2625 Alii

97 2722 100 2732 ‚
204 2662 434 2744 cuiuscumque
455 2660 663 2747 quadripedis
686 2684 726 2726 ex
748 2662 866 2746 cytiso,
896 2662 993 2745 aliqui
1014 2661 1211 2727 columbaria
1232 2684 1325 2747 prae-

205 2851 232 2884 re
244 2836 316 2892 dixit,
328 2835 396 2883 unde
408 2835 484 2882 etiam
496 2834 538 2881 hic
550 2834 622 2882 locus
634 2835 717 2898 arguit
728 2834 805 2883 libros
817 2835 940 2883 naturalis
952 2835 1072 2882 historiae
1083 2841 1143 2896 post
1154 2839 1261 2880 mortem
1275 2833 1327 2880 edi-

151 2909 159 2918 “
206 2914 253 2961 tos,
269 2903 317 2951 nisi
334 2902 450 2950 lacunam
466 2902 553 2963 aliquo
570 2902 596 2949 in
612 2903 669 2950 loco
687 2910 795 2950 statuere
812 2902 882 2950 velis.
901 2942 932 2950 -
951 2899 1121 2960 Narboniensi,
1134 2916 1156 2948 a.
1174 2897 1326 2948 Narbonien-

205 2970 246 3031 sis,
262 2973 286 3019 d.
308 2967 479 3027 Narbonensis,
497 2969 527 3017 T.
547 3009 578 3016 -
596 2968 682 3016 certius
697 2968 732 3016 sic
744 2967 819 3030 coqui,
837 2969 873 3016 ita
889 2970 1061 3031 reponendum
1077 2983 1110 3016 ex
1127 2968 1200 3015 codd.
1218 2967 1283 3014 inter
1298 2981 1326 3014 se

206 3038 315 3087 collatis.
333 3034 419 3084 certius
430 3035 491 3084 sicco
505 3034 574 3098 quod,
584 3052 606 3085 a.
624 3035 660 3085 sic
672 3035 757 3085 certius
770 3034 845 3097 coqui,
855 3037 903 3085 Tu.
921 3034 990 3083 citius
1001 3035 1035 3084 sic
1047 3034 1122 3098 coqui,
1134 3033 1279 3085 Schneider.
1293 3037 1326 3083 ad

208 3105 308 3155 Colum.
321 3103 367 3153 IV.
381 3110 422 3164 28,
436 3109 458 3153 l.
476 3104 562 3152 certius
572 3102 607 3152 sic
618 3119 645 3152 eo
656 3102 731 3166 coqui,
743 3097 793 3165 βγ.
807 3142 838 3150 -
853 3100 961 3166 plusque,
974 3104 1047 3154 Tad.
1065 3102 1123 3166 quio
1132 3101 1194 3166 plus,
1206 3097 1256 3164 βγ.

241 3171 255 3232 §
270 3178 308 3222 50.
327 3171 382 3234 ipsa
393 3187 424 3229 re,
437 3172 469 3220 K.
485 3212 516 3219 -
534 3170 662 3221 Homerum
676 3171 811 3234 Odyssea,
825 3177 882 3221 225.
896 3213 927 3220 -
947 3170 1079 3232 laetificans
1090 3170 1139 3219 suis
1151 3169 1266 3229 manibus,
1279 3171 1324 3218 ad.

206 3239 255 3288 suis
264 3239 371 3287 manibus
383 3237 521 3301 laetficana
534 3234 585 3302 βγ.
610 3238 751 3302 laetificans,
764 3255 783 3287 r.
803 3279 834 3287 ..
857 3237 922 3301 laec,
939 3233 1008 3289 bau.
1027 3234 1179 3301 Omittssy.
1199 3279 1230 3286 -
1254 3251 1323 3299 quae,

207 3323 257 3357 om.
271 3324 293 3356 a.
322 3348 352 3355 ..
379 3305 494 3367 Stercuto,
514 3298 642 3357 OTKad
669 3305 794 3368 Stercutio,
811 3301 840 3367 β.
869 3349 900 3356 -
934 3307 1013 3356 Varro
1031 3308 1062 3357 de
1078 3323 1105 3356 re
1116 3315 1178 3358 rust.
1193 3312 1215 3366 1,
1229 3312 1269 3355 38.
1294 3344 1324 3354 ...

125 3398 132 3404 ·
208 3376 297 3434 bouum,
310 3391 332 3423 a.

240 3445 308 3506 §bt
334 3441 449 3500 Primum,
460 3443 528 3491 Pint.
548 3483 578 3491 -
601 3440 728 3491 Columella
739 3443 774 3492 Π.
789 3449 828 3503 14,
844 3448 865 3492 l.
884 3484 915 3492 -
934 3442 1133 3502 excolumborirb,
1145 3442 1211 3492 Pint.
1230 3481 1262 3490 ..
1281 3455 1328 3503 po·

208 3508 415 3569 inoluminumd.
435 3508 649 3572 potiuslominum,
662 3528 684 3560 a.
708 3509 824 3559 lominum
833 3518 911 3574 polus,
923 3507 972 3575 βγ.
997 3551 1028 3560 ..
1057 3510 1218 3569 coriariorum,
1231 3508 1327 3558 Sabell.

206 3577 330 3638 cerarum,
346 3570 444 3626 brad.

240 3648 308 3710 §52
334 3645 390 3702 iam,
403 3661 453 3693 om.
467 3661 489 3693 a.
511 3686 541 3694 ..
560 3644 625 3706 mali,
639 3647 663 3694 d.
681 3644 750 3707 mab,
762 3641 811 3707 ιιβ.
831 3686 862 3695 ..
881 3643 1063 3706 domandumd.
1082 3641 1221 3703 domandus,
1234 3658 1275 3691 ar.
1298 3684 1325 3691 -

206 3712 357 3776 invicemque,
369 3715 402 3762 D.
421 3712 570 3776 invicemque,
583 3716 627 3763 ad.
645 3713 729 3776 quibus
741 3713 848 3774 inuicem,
860 3708 911 3776 βγ.
925 3754 956 3762 ..
974 3711 1084 3760 alendam
1097 3725 1194 3774 quoque,
1207 3710 1251 3759 ad.
1270 3726 1328 3772 quo-

208 3798 252 3844 que
263 3779 382 3841 alendam,
394 3775 445 3843 βγ.
465 3822 496 3829 -
517 3778 645 3829 Columella
657 3781 692 3830 11.
707 3787 746 3841 14,
760 3786 783 3829 4.
803 3821 834 3828 -
851 3777 933 3840 solum,
946 3783 991 3829 ad.
1008 3795 1084 3839 suum,
1100 3773 1127 3828 θ.
1148 3819 1179 3826 -
1197 3777 1327 3840 anciliae,

208 3866 231 3900 a.
249 3849 377 3906 exitiosum,
391 3865 410 3897 r.
428 3889 459 3896 ..
478 3847 654 3908 columbarium,
666 3865 685 3897 r.
704 3846 869 3907 columbarias,
880 3847 926 3896 K'.
944 3844 1109 3906 columborum,
1125 3847 1171 3896 K2.
1186 3887 1216 3895 -
1236 3845 1264 3893 ob
1276 3844 1327 3906 loc,

208 3932 231 3966 a.
251 3959 281 3965 ..
300 3915 362 3975 dein,
375 3933 397 3964 a.
416 3913 507 3975 deinde,
520 3912 592 3979 dssr.
612 3957 642 3964 -
662 3915 805 3973 movebamus,
818 3930 840 3962 a.

242 3987 256 4047 ξ
270 3991 309 4034 53.
336 4001 389 4043 non,
401 3985 504 4033 DTad.
522 3991 555 4044 ut,
567 3984 670 4032 Barbar.
683 3977 705 4042 β
709 3997 733 4045 γ.
755 4022 785 4030 ..
803 3981 898 4028 inventa
908 3979 1051 4043 inaeniorum
1063 3980 1149 4040 rettuli,
1162 3982 1197 4031 ita
1209 3996 1255 4031 nos
1267 3982 1327 4030 scri·

208 4053 310 4114 psimus.
338 4051 429 4100 inuenio
444 4049 532 4112 rettuli,
546 4068 569 4100 a.
596 4049 701 4098 invenior
716 4047 789 4108 ettult‘,
805 4050 830 4097 d.
856 4047 962 4095 invenior
972 4055 995 4095 et
1006 4047 1058 4110 tali,
1074 4048 1107 4098 D.
1133 4048 1262 4097 inoenmre
1275 4047 1327 4108 tali,

208 4119 311 4169 Barbar.
326 4117 404 4184 Τβγ.
432 4119 523 4184 Spreta
537 4117 644 4168 Barbari
659 4125 684 4166 et
699 4117 790 4179 partim
807 4116 921 4178 ipsorum
933 4118 1005 4166 codd.
1017 4117 1214 4181 interpolatione
1225 4117 1325 4179 reposui

210 4190 276 4248 quod
288 4188 347 4237 huic
360 4190 417 4238 loco
430 4188 503 4236 unire
515 4195 603 4250 aptum
613 4193 673 4234 erat.
692 4185 758 4233 Plin.
769 4183 865 4233 scillcet
874 4192 899 4233 et
907 4185 950 4233 hic
959 4186 1148 4250 simplicitatem
1157 4194 1183 4234 et
1190 4185 1326 4234 utilitatem

210 4257 340 4305 vetustatis
356 4257 460 4318 eiusque
477 4263 610 4319 praecepta
627 4253 760 4303 subtilibus
777 4253 883 4303 inventis
898 4255 1066 4304 recentiorum
1084 4254 1196 4318 opponit,
1217 4266 1326 4316 quorum
