2896 4792
190 267 251 331 140
541 280 746 328 usnnnmrs
767 279 964 331 nrsnonma
1003 306 1007 311 -

189 431 391 517 Cognomina
420 430 516 496 etiam
542 430 646 516 prima
672 431 759 508 inde,
788 430 929 496 Pilumni
956 431 1012 514 qui
1038 429 1139 514 pilum
1165 430 1310 516 pistrinis
1327 449 1357 492 ιο

187 531 368 609 invenerat,
396 531 525 598 Pisonis
552 554 572 595 a
597 532 748 616 pisendo,
775 532 841 596 iam
867 532 1058 609 Fabiorum,
1086 531 1310 608 Lentulorum,

188 629 391 711 Ciceronum,
415 643 451 698 ut
472 632 609 716 quisque
630 632 759 717 aliquod
773 643 902 718 optume
916 654 1020 720 genus
1036 645 1174 711 sereret3
1197 632 1310 699 Iunio-

188 755 261 797 rum
281 733 420 799 familiae
441 732 624 799 Bubulcum
645 733 850 799 nominarunt
873 733 929 817 qui
956 732 1063 798 bubus
1085 743 1216 819 optume
1237 746 1310 800 ute-

188 831 293 898 batur.
317 832 407 914 Quin
428 844 460 899 et
480 835 515 899 in
537 832 638 898 sacris
659 833 738 899 nihil
759 833 943 920 religiosius
964 834 1223 900 confarreationis
1237 833 1310 899 vin·

188 933 260 998 oulo
287 946 371 1012 erat,
398 957 564 1019 novaeque
590 945 711 1020 nuptae
738 934 879 1000 farreum
905 934 1139 1019 praeferebant.
1181 935 1309 1021 Agrum
1326 953 1353 996 ιι

188 1034 271 1099 male
292 1034 398 1100 colere
420 1034 601 1101 censorium
615 1035 769 1120 probrum
786 1034 1004 1113 indicabatur3
1027 1046 1133 1118 atquc,
1155 1046 1193 1099 ut
1213 1036 1312 1100 refert

190 1131 284 1214 Cato,
307 1158 379 1200 cum
402 1136 507 1201 virum
529 1136 649 1202 bonum
663 1137 835 1222 agricolam
853 1134 1035 1219 bonumque
1050 1135 1197 1201 colonum
1211 1135 1310 1200 dixis·

187 1246 269 1312 sent,
291 1236 487 1320 amplissime
506 1237 657 1302 laudasse
672 1233 959 1302 existumabantur.
987 1235 1075 1301 Hinc
1090 1248 1121 1301 et
1133 1236 1310 1321 locupletes

187 1334 339 1401 dicebant
364 1338 425 1403 loci
451 1338 513 1403 hoc
539 1349 590 1409 est
616 1339 686 1426 agri
718 1338 839 1423 plenos.
876 1336 1020 1403 Pecunia
1048 1337 1121 1421 ipsa
1147 1360 1167 1401 a
1193 1359 1311 1423 pecore

187 1435 418 1522 appellabatur.
439 1437 550 1503 Etiam
571 1462 657 1503 nunc
678 1439 712 1502 in
734 1437 850 1504 tabulis
872 1438 1028 1504 censoriis
1049 1460 1171 1524 pascua
1193 1438 1307 1503 dicun-

188 1548 240 1603 tur
260 1538 377 1618 omnia,
399 1562 440 1605 ex
462 1540 580 1622 quibus
602 1540 740 1625 populns
766 1539 889 1604 reditus
916 1539 1029 1618 habet,
1063 1539 1139 1622 quia
1164 1539 1222 1603 diu
1248 1539 1310 1603 hoc

187 1638 290 1705 solum
310 1641 449 1726 vectigal
471 1640 588 1706 fuerat.
611 1640 762 1705 Multatio
775 1663 903 1724 quoque
917 1663 982 1705 non
995 1639 1058 1706 nisi
1073 1641 1181 1706 ovium
1195 1640 1308 1706 boum-

187 1762 251 1825 que
272 1741 425 1826 inpendio
447 1741 627 1820 dicebatur,
651 1763 714 1805 non
736 1741 912 1807 omittenda
934 1741 1115 1826 priscarum
1128 1741 1235 1825 legum
1250 1741 1308 1806 bc-

187 1842 385 1920 nevolentia3
414 1852 542 1908 cautum
568 1842 690 1927 quippe
711 1852 762 1907 est
782 1865 823 1907 ne
846 1842 962 1907 bovem
984 1843 1076 1928 prius
1097 1864 1195 1926 quam
1216 1864 1308 1907 ovem

188 1942 367 2008 nominaret
387 1944 443 2026 qui
469 1943 627 2008 indiceret
652 1943 794 2008 multam.
831 1942 946 2008 Ludos
975 1943 1073 2009 boum
1100 1965 1198 2008 cansa
1224 1942 1355 2007 cele-12

188 2042 311 2108 brantis
341 2042 500 2109 Bubetios
537 2042 705 2108 vocabant
749 2040 883 2110 Servius
915 2067 975 2110 rex
1007 2044 1116 2109 ovium
1148 2043 1309 2126 boumque

188 2143 295 2232 effigie
309 2144 448 2230 primum
461 2167 517 2210 aes
532 2145 681 2231 signavit.
704 2144 849 2231 Frugem
864 2145 994 2228 quidem
1008 2157 1114 2209 aratro
1129 2144 1308 2228 quaesitam

188 2244 297 2309 furtim
318 2256 415 2312 noctu
436 2246 565 2330 pavisse
594 2268 632 2311 ac
659 2246 800 2311 secuisse
826 2246 941 2332 puberi
961 2268 1010 2309 xn
1042 2244 1159 2310 tabulis
1191 2245 1310 2328 capital

191 2356 275 2423 erat,
309 2368 564 2431 suspensumque
587 2344 700 2411 Cereri
722 2348 829 2413 necari
849 2346 1023 2424 iubebant,
1056 2346 1186 2431 gravius
1212 2366 1309 2428 quam

188 2447 224 2511 in
244 2447 423 2532 homicidio
437 2448 638 2526 convictum,
660 2447 815 2535 inpubem
835 2447 993 2533 praetoris
1015 2446 1172 2513 arbitratu
1194 2446 1308 2511 verbe-

189 2547 253 2612 rari
275 2547 444 2615 noxiamve
465 2549 691 2634 duplionemve
712 2548 852 2614 decerni.
875 2547 946 2612 Iam
960 2548 1124 2614 distinctio
1146 2548 1309 2630 honosque
1325 2560 1356 2604 1³

189 2648 327 2715 civitatis
348 2648 451 2734 ipsius
465 2672 529 2715 non
543 2649 671 2715 aliunde
687 2660 766 2714 erat.
788 2648 942 2714 Rusticus
956 2649 1058 2714 tribus
1072 2648 1310 2713 laudatissimae

190 2770 302 2815 eorum
321 2749 378 2834 qui
399 2773 475 2815 rura
496 2751 668 2827 haberent,
690 2750 832 2815 urbanae
859 2772 946 2826 vero,
973 2749 1007 2812 in
1034 2770 1116 2832 quas
1145 2747 1310 2813 transferri

189 2848 365 2937 ignominia
379 2861 475 2928 esset,
491 2851 635 2915 desidiae
657 2850 784 2935 probro.
807 2849 921 2933 Itaque
944 2861 1093 2933 quattuor
1116 2850 1203 2914 solae
1219 2860 1311 2913 erant

190 2950 378 3035 apartibus
399 2950 499 3027 urbis,
528 2950 563 3013 in
591 2949 664 3034 quis
686 2949 889 3029 babitabant,
924 2948 1127 3028 Suburrana,
1150 2949 1310 3026 Palatina,

224 3159 239 3221 ξ
254 3162 292 3206 10.
310 3155 430 3219 piscando,
441 3159 485 3206 ad.
504 3196 535 3206 ..
554 3157 709 3220 Ραὸαιονιιιιι,
720 3159 795 3222 Piglr.
809 3160 904 3208 annall.
916 3165 941 3219 8,
953 3165 1003 3218 tta,
1021 3159 1072 3207 Tit.
1085 3160 1147 3207 loca
1160 3166 1272 3206 controv.
1286 3163 1310 3215 2,

191 3230 215 3275 6.
234 3264 266 3273 -
284 3222 447 3285 Lentulorum,
458 3225 562 3285 Barbar.
580 3224 743 3287 Lettinormn,
758 3220 858 3276 olfac,
877 3266 908 3275 ..
927 3224 1039 3288 quacun,
1051 3241 1071 3274 r.
1084 3265 1116 3274 -
1134 3239 1207 3289 penus
1218 3223 1311 3286 οριίιιιο,

190 3292 222 3341 Τ.
240 3332 272 3343 ..
287 3289 409 3354 familiae,
421 3295 445 3342 d.
460 3290 571 3355 familia,
583 3309 606 3342 a.
624 3291 729 3355 sarcilia
740 3309 756 3342 a
769 3291 865 3340 bubulco
876 3308 959 3341 nomen
971 3291 1059 3340 invenit
1069 3291 1118 3355 qui,
1130 3293 1196 3343 Pint
1215 3332 1245 3340 ..
1269 3306 1310 3337 no-

191 3358 319 3418 minarunt,
334 3350 405 3408 Oad.
432 3357 617 3419 nuninaoerunt,
628 3354 658 3419 β.
677 3401 708 3409 -
731 3359 938 3422 confarreationis,
949 3360 1038 3409 Dalec.
1065 3359 1172 3421 coefum
1184 3365 1207 3406 et
1217 3357 1310 3416 arrianis,

194 3417 223 3473 θ.
242 3424 452 3486 conserretattbnis,
464 3427 509 3474 ad.
527 3425 719 3489 consumationis,
731 3422 760 3488 β.

225 3493 293 3555 511.
314 3489 372 3540 Cato
387 3492 688 3555 derernst.prsef.§2.
707 3535 738 3544 ..
766 3494 890 3554 cum‚Ta.
916 3488 1075 3556 quemdssr.
1096 3532 1126 3541 ..
1151 3492 1232 3538 bonum
1245 3490 1310 3551 opri-

189 3556 279 3619 colarn,
297 3561 361 3608 haec
375 3576 415 3609 vv.
433 3575 481 3623 ego
493 3561 578 3623 recepi
590 3576 622 3610 ex
636 3560 741 3622 Catone,
753 3562 830 3624 idque
841 3561 1003 3610 confirmatur
1014 3559 1094 3608 verbis
1105 3558 1191 3608 statim
1203 3571 1310 3619 sequen-

191 3627 259 3676 tibus
275 3641 308 3675 ex
325 3628 427 3690 optimis
443 3628 515 3677 libris
532 3629 680 3678 emendatis.
701 3628 790 3680 Omitt.
808 3621 903 3691 adssy.
928 3666 960 3676 ..
986 3627 1125 3687 imumque,
1143 3617 1191 3672 Oa.
1220 3623 1310 3683 honrem,

192 3688 294 3757 Τᾶβγ.
313 3733 345 3743 ..
362 3693 568 3756 crutimcbantur,
583 3687 671 3744 Osdr.
695 3694 869 3753 anisamabaat,
880 3688 930 3757 βγ.
950 3733 981 3741 ..
999 3690 1147 3751 dicebantur,
1160 3706 1182 3738 a.
1203 3731 1233 3738 -
1257 3707 1310 3738 cen-

191 3759 259 3820 soris,
273 3754 320 3809 Oa
340 3801 370 3809 -
390 3760 534 3875 unguantur,
546 3778 569 3812 a.
589 3801 620 3810 ..
638 3760 718 3822 Nunc,
731 3763 776 3810 ad.
796 3800 827 3811 ..
846 3757 1007 3819 basrbolcntia,
1019 3760 1043 3807 d.
1061 3755 1224 3819 benivolentia,
1237 3774 1259 3807 a.
1279 3798 1310 3806 .-

192 3830 288 3888 nacd.
305 3828 405 3890 aequb,
444 3863 450 3878 .

226 3896 241 3973 ᾗ
255 3901 295 3945 ta.
312 3895 403 3956 bouum
415 3897 439 3944 d.
450 3895 626 3973 :Bubetios
637 3911 654 3944 a
666 3892 752 3958 (codd.
765 3892 836 3973 fiel.)
853 3892 988 3953 Bonnam,
1001 3895 1024 3942 d.
1039 3932 1069 3941 -
1085 3891 1196 3955 panum,
1212 3883 1310 3968 θΤιιᾱ.

190 3957 821 4092 walltsmssiiiiiiibiaasfiiiti
834 3957 1311 4090 &trutinabit-„titt

194 4103 297 4158 tumque,
314 4096 383 4159 Lips.
400 4097 472 4160 epist.
490 4104 585 4160 quaest
602 4102 628 4157 4,
644 4101 685 4145 26.
710 4134 740 4144 ..
768 4095 891 4144 malamve
907 4093 1079 4158 duplionemve,
1099 4087 1171 4146 Osa.
1198 4108 1311 4141 muamus

193 4160 360 4278 {applicatum
377 4158 406 4223 β.
433 4162 572 4225 noxiamque
588 4159 710 4225 duplsbne,
727 4162 806 4213 liard.
824 4178 837 4212 e
854 4163 926 4213 codd.
939 4160 986 4225 (i),
998 4177 1023 4228 γ,
1051 4178 1155 4211 nouacuc
1171 4160 1311 4224 duplionen,

216 4243 262 4291 rps.
