2896 4792
184 277 245 342 ³46
367 270 372 285 '
536 290 740 338 utrumme
762 288 956 338 msromse

99 512 104 521 ,
183 442 298 509 dolere.
324 442 445 507 Eadem
457 452 597 507 strumas
612 451 644 505 et
657 442 819 526 parotidas
840 461 1017 528 panosque,
1040 439 1149 505 additu
1164 439 1314 504 hominis
1331 459 1383 504 225

184 543 293 620 saliva,
316 557 434 629 purgat
455 542 534 607 citra
556 542 679 607 volnus.
713 539 830 608 Semen
852 543 885 608 in
908 543 982 606 vino
1003 541 1098 628 nigro
1119 552 1230 625 potum
1253 541 1313 626 pi-

183 644 263 709 tuita
285 655 317 708 ct
338 644 462 709 nausiis
476 642 605 717 liberat3
629 642 721 707 radix
737 664 943 708 mammarum
959 642 1044 707 vitiis
1058 643 1194 707 occurrit
1214 642 1313 706 adal-

181 746 281 833 ligata
307 745 442 812 iniens
469 744 580 830 nigra,
617 743 730 808 tussim
759 744 792 807 in
825 743 908 808 lacte
935 753 1026 809 cocta
1053 754 1085 807 et
1119 741 1313 806 sorbitionis

181 845 276 911 modo
298 857 426 931 sumpta
447 843 555 929 quinis
576 843 691 909 diebus
713 844 871 910 emendat.
895 840 1068 908 Stomacho
1082 841 1203 906 inutilis
1219 839 1313 907 Sex·
1327 864 1379 908 222

182 945 247 1010 tius
267 944 369 1031 Niger
390 945 479 1024 dicit,
502 941 673 1029 Olympias
687 941 842 1010 Thebana
857 943 1018 1010 abortivas
1034 965 1105 1009 esse
1120 965 1192 1008 cum
1208 942 1313 1026 adipe

73 1104 75 1113 ,
182 1046 318 1122 anseris3
351 1044 451 1130 aliqui
476 1043 609 1131 purgari
636 1044 771 1110 feminas
800 1044 887 1110 foliis
915 1066 1025 1111 earum
1053 1065 1166 1108 manus
1188 1043 1312 1127 plenae

182 1168 332 1224 mensura
352 1147 386 1211 in
406 1146 476 1211 oleo
498 1156 530 1211 et
551 1145 627 1210 vino
649 1145 796 1230 sumptis.
821 1145 945 1229 Utique
959 1156 1083 1211 constat
1097 1145 1311 1231 parturientis

182 1247 268 1313 toliis
291 1247 460 1314 substratis
482 1247 617 1314 celerius
638 1244 735 1324 solvi,
758 1248 904 1333 protinus
926 1268 946 1311 a
966 1257 1061 1332 partu
1078 1245 1309 1325 revocandam,

181 1371 222 1414 ne
243 1349 339 1415 volva
360 1358 524 1432 sequatur.
553 1346 645 1412 Dant
665 1356 697 1412 et
718 1370 831 1413 sucum
857 1346 1032 1414 bibendum
1053 1345 1311 1433 parturientibus
1324 1364 1375 1411 227

180 1449 297 1516 ieiunis
322 1450 355 1514 in
383 1450 456 1515 vino
485 1449 635 1514 decoctae
661 1448 805 1527 hemina;
836 1448 914 1533 quin
943 1462 976 1514 et
998 1469 1107 1514 semen
1129 1446 1311 1531 adalligant
1375 1474 1380 1481 ·

180 1549 330 1617 braechio
348 1549 489 1638 genitale
510 1572 575 1615 non
598 1550 842 1629 continentium,
863 1546 1010 1634 adeoque
1032 1547 1142 1624 veneri
1163 1568 1309 1612 nascun-

180 1660 247 1730 tur,
281 1660 315 1716 et
340 1673 451 1717 semen
477 1636 635 1716 ndieaulis
657 1651 847 1737 adspersum
869 1650 1001 1737 genitali
1021 1649 1212 1714 feminarum
1234 1649 1309 1713 avi-

181 1750 299 1817 ditates
320 1773 439 1840 augere
460 1752 502 1816 ad
522 1751 683 1816 infinitum
704 1750 908 1817 Xenocrates
936 1750 1047 1827 tradit,
1076 1750 1217 1832 itemque
1247 1749 1310 1814 tris

180 1852 305 1919 radices
331 1854 423 1918 iuxta
443 1853 655 1941 adalligatae,
688 1863 829 1919 tenesmo
855 1863 887 1918 et
913 1850 1116 1937 dysintericis
1136 1849 1310 1940 utilissime

179 1952 315 2032 infundi,
336 1953 414 2019 item
429 1951 516 2019 sedis
538 1953 635 2032 vitiis,
657 1953 709 2019 vel
724 1954 752 2018 si
765 1954 942 2018 foveantur.
964 1950 1206 2016 Melancholicis
1222 1971 1311 2034 quo-

96 2122 103 2137 q
180 2073 244 2134 que
266 2075 362 2119 sucus
384 2053 480 2118 datur
494 2053 617 2137 cyathis
638 2054 737 2119 ternis
751 2054 892 2138 tepidus,
916 2064 949 2118 et
967 2050 1201 2118 insanientibus
1224 2072 1309 2134 qua-

181 2153 298 2232 ternis,
321 2154 470 2219 decoctae
490 2153 706 2219 comitialibus
726 2153 872 2220 heminae
894 2155 979 2231 suei;
1007 2154 1060 2218 hie
1082 2164 1113 2219 et
1134 2152 1310 2218 calculosis
1325 2170 1377 2217 222

181 2264 215 2321 et
227 2253 391 2319 inflatione
406 2266 438 2318 et
453 2251 643 2318 torminibus
657 2264 714 2319 ant
724 2254 927 2341 opisthotono
941 2254 1160 2320 laborantibus
1175 2253 1310 2339 tepidus

179 2354 333 2421 inlinitur.
370 2354 415 2418 Et
442 2354 541 2421 sacris
569 2355 701 2441 ignibus
730 2367 763 2421 et
788 2355 946 2422 ambustis
973 2356 1106 2423 decocta
1133 2354 1168 2418 in
1196 2353 1309 2419 oleum

180 2550 196 2587 l
214 2561 300 2623 dabre,
317 2563 354 2613 ita
364 2578 412 2613 nos
423 2562 577 2627 scripsimus.
600 2559 687 2623 dolore,
700 2563 725 2613 V
737 2560 861 2627 (Appul.)
884 2560 1000 2623 adolere,
1012 2563 1065 2612 Td.
1088 2559 1162 2622 dolor,
1173 2575 1189 2609 a
1193 2555 1216 2620 β
1219 2574 1246 2624 y.

214 2649 298 2712 5225.
325 2663 412 2711 panos,
428 2647 503 2698 Vad.
527 2687 558 2696 ..
582 2653 681 2710 perpet,
697 2647 741 2696 ad.
766 2645 860 2711 prinpia
877 2646 910 2696 V.
935 2654 1050 2710 pionpant,
1066 2637 1122 2696 ΘΤ.
1147 2685 1178 2694 ..
1201 2643 1309 2708 pituita,

180 2716 256 2765 Vsd.
274 2730 291 2763 a
300 2713 399 2777 pinsita,
409 2709 461 2778 βγ.
482 2754 513 2763 ..
531 2721 554 2761 et
565 2712 668 2774 2222212,
680 2712 714 2762 V.
733 2728 762 2760 ea
773 2712 877 2774 222222,
889 2716 933 2764 2(1.
952 2754 984 2762 ..
1002 2711 1148 2774 sorbitiones,
1161 2713 1194 2762 V.

212 2800 298 2863 5226.
324 2795 432 2874 utiles,r.
458 2798 497 2847 At
511 2793 1223 2911 vulqatamrindicatetiemMaechloridu's'1963.-
1251 2793 1309 2845 Uti-

179 2881 231 2928 qee,
242 2866 297 2916 Va.
321 2864 430 2927 Vobque,
443 2866 467 2914 d.
486 2905 517 2914 ..
535 2860 871 2926 scandanaviam.
892 2863 952 2913 solet
963 2861 1132 2926 sedprottnas,
1144 2864 1195 2913 K2.
1215 2903 1247 2912 ...
1265 2879 1309 2912 re-

179 2931 317 2992 vocandam,
328 2932 383 2982 VT
396 2930 519 2996 (Appul.)
537 2927 679 2991 revocanda,
688 2930 721 2980 K.
740 2929 904 2992 revocandum,
913 2926 1008 2995 udssr.

212 3017 228 3078 ς
240 3019 298 3066 227.
316 3013 431 3076 decoctae,
443 3008 545 3065 OVad.
563 3012 666 3075 decocta,
677 3009 706 3075 β.
726 3053 758 3065 .,.
779 3030 864 3074 semen
879 3007 1010 3066 OVTsd.
1032 3029 1109 3062 semen
1121 3012 1210 3074 tritam,
1222 3008 1252 3073 β.
1273 3054 1309 3065 -

177 3078 346 3144 adeoqcaad.
364 3079 503 3144 adenqnae,
515 3083 549 3132 V.
561 3095 691 3141 „venae
701 3081 780 3131 Vad.
797 3097 839 3130 eae
857 3078 1054 3146 1122222192.-
1067 3089 1098 3142 et,
1110 3082 1164 3131 Va.
1183 3087 1217 3141 nt,
1230 3076 1309 3146 (ἱβγ.
1404 3134 1409 3142 ,

180 3188 212 3197 -
228 3147 337 3211 qenitali,
348 3149 387 3197 vir
398 3150 489 3198 doctus
500 3163 541 3213 ap.
552 3149 702 3198 Barbarum.
721 3148 858 3212 cnranbnis,
869 3147 984 3214 Vaddp
991 3164 1021 3214 φ.
1039 3147 1212 3208 arationes.
1230 3149 1308 3198 ceba-

180 3213 247 3275 tibea
258 3214 337 3267 Gron
355 3215 430 3267 Certe
447 3223 501 3265 tom
518 3217 677 3266 scribendum
688 3224 762 3278 meet,
778 3220 847 3279 qnod
858 3219 962 3282 propius
974 3232 990 3266 2
1001 3218 1074 3267 codd.
1086 3217 1210 3280 scriptura
1221 3218 1311 3279 abest,

179 3281 307 3343 abarien,
320 3297 371 3345 qua
381 3297 444 3333 voce
456 3284 539 3333 Varro
551 3299 611 3335 usus
624 3291 662 3334 est
673 3285 704 3333 de
715 3284 778 3346 ling.
790 3285 848 3335 Lat.
860 3283 936 3335 vm.
949 3289 990 3345 30,
1004 3290 1053 3345 54,
1065 3285 1101 3334 ita
1117 3292 1146 3333 nt
1156 3283 1252 3332 cubatio
1260 3284 1309 3345 se-

180 3347 297 3398 minarum
305 3350 338 3401 sit
345 3351 412 3401 idem
422 3352 491 3413 quod
495 3350 607 3415 feminae
618 3350 740 3414 cubantem
750 3366 774 3399 v.
784 3353 817 3403 ad
827 3354 867 3412 17,
879 3357 934 3402 105.
946 3352 985 3401 At
992 3351 1091 3415 scripsit
1099 3352 1166 3400 Plim
1174 3349 1309 3402 eutationi.

179 3417 278 3467 Vocem
289 3415 399 3476 cubandi
416 3433 481 3482 quae
492 3419 593 3484 proprie
608 3420 640 3468 de
656 3434 730 3469 suum
742 3419 848 3469 libidine
859 3418 950 3469 dicitur
961 3416 999 3480 (8,
1012 3423 1070 3469 205.
1090 3425 1130 3478 10,
1144 3417 1223 3479 182),
1234 3418 1309 3470 Plin.

181 3485 206 3535 h.
218 3484 236 3534 l.
254 3484 474 3551 καταχρηστικῶς
489 3487 522 3535 ad
534 3487 651 3536 mulieres
664 3487 814 3537 libidinosas
827 3486 969 3548 transtulit;
981 3501 1004 3534 v.
1017 3487 1107 3536 Horat.
1120 3486 1194 3548 epod.
1210 3488 1250 3546 12,
1263 3491 1306 3536 ll.

180 3552 277 3603 Eadem
290 3553 387 3602 ratione
399 3552 503 3617 καπρᾶν
516 3555 584 3618 apud
593 3554 707 3605 Graecos
718 3554 823 3618 legitur;
835 3568 859 3602 v.
868 3553 981 3603 Meinek.
993 3556 1026 3603 ad
1037 3553 1171 3603 Menandr.
1183 3551 1307 3615 fragmm.

180 3634 206 3682 p.
215 3621 273 3669 277.
283 3620 322 3669 ed.
334 3625 356 3669 l.
367 3659 398 3668 ..
407 3619 494 3684 asperi
504 3629 527 3669 et
537 3620 666 3684 infinitam,
677 3622 751 3672 Vad.
762 3662 793 3671 ..
805 3617 886 3680 tradit,
896 3621 929 3671 V.
949 3618 1039 3681 tradat,
1048 3615 1142 3685 (ιᾱβγ.
1154 3659 1184 3669 ..
1194 3617 1308 3681 itemque,

184 3678 286 3736 &Vae
304 3684 366 3746 itero,
378 3681 407 3747 β.
422 3728 452 3739 ..
470 3695 525 3749 tres,
537 3690 592 3738 Va
610 3695 636 3737 ut
648 3696 702 3749 tres,
715 3691 738 3738 d.
757 3729 787 3738 ..
812 3695 911 3736 tenesmo
922 3695 957 3750 et3
969 3703 1016 3752 pro
1029 3688 1069 3738 his
1081 3702 1120 3736 vv.
1133 3682 1230 3736 habent
1241 3693 1308 3735 tene-

180 3768 242 3801 smos
250 3753 305 3814 Vd,
325 3760 436 3803 12222222
447 3755 495 3804 sint
505 3772 528 3806 a
540 3796 570 3805 ..
580 3753 680 3819 matha,
690 3757 746 3806 Vd.
765 3754 866 3819 quartia,
878 3770 900 3804 2.
912 3795 943 3804 ..
954 3753 1084 3818 quaternis,
1094 3755 1149 3804 Vd.
1162 3753 1251 3805 Omitt.
1263 3769 1308 3806 ar.

117 3829 121 3844 '
215 3838 300 3899 5228.
330 3835 442 3898 tiavd.
465 3835 603 3902 [ἡμῶν.
626 3838 703 3899 salt
722 3879 753 3889 ..
772 3836 929 3902 opisthotono,
942 3839 975 3889 Κ.
993 3836 1134 3902 opestonico,
1148 3837 1181 3887 V.
1200 3835 1308 3899 optans

183 3902 266 3962 tonino,
278 3900 371 3970 adstr.
391 3945 421 3954 ..
440 3907 557 3967 ambusta,
568 3907 644 3954 Vad.
659 3946 690 3954 -
709 3904 766 3967 oleo,
778 3907 810 3958 K
824 3946 855 3955 ..
874 3904 1004 3966 vulnerum,
1017 3922 1040 3955 a.
1059 3904 1187 3964 vulneram,
1200 3905 1233 3954 V.
1252 3903 1307 3954 eul-

182 3984 247 4031 nera,
260 3973 284 4021 d.
312 4012 344 4021 ..
371 3971 495 4037 irp'usione,
512 3971 567 4023 Va.
593 3971 715 4034 infasium,
733 3973 787 4023 Td.
814 3972 993 4032 inrationali.
1017 4014 1048 4022 -
1077 3972 1102 4020 in
1114 3971 1196 4031 oleum,
1208 3973 1245 4021 ita
1256 3987 1308 4023 nos

182 4039 327 4102 scripsimus
339 4041 440 4091 collatis
451 4041 533 4090 verbis
545 4040 723 4103 superioribus.
742 4039 824 4103 obem,
840 4040 948 4090 VTad.
966 4040 992 4088 in
1004 4039 1061 4100 oleo,
1072 4036 1118 4103 βγ
1129 4040 1160 4090 ad
1173 4039 1308 4102 superiora

183 4103 326 4156 relerentes.
339 4148 370 4156 ..
386 4114 529 4170 permeante,
541 4101 620 4156 &Va
638 4105 774 4170 permixtus,
787 4108 839 4159 Τά.
854 4107 913 4172 pori
921 4116 1019 4169 meatus,
1027 4104 1056 4169 β.
1073 4115 1143 4170 potres
1152 4104 1247 4167 balitus,
1256 4108 1282 4156 K
1290 4111 1306 4156 ¹.

183 4171 277 4236 ortaque
289 4181 386 4235 meatus,
398 4177 423 4225 K
431 4180 448 4223 ².
468 4214 499 4223 ..
516 4189 608 4231 222222,
620 4189 643 4223 a.
661 4173 765 4234 suecica
777 4175 861 4226 VTd.

218 4242 302 4303 5229.
329 4239 533 4304 infiammationes,
546 4242 621 4292 Vad.
644 4239 785 4304 inflationes,
801 4235 856 4293 ΘΤ.
879 4241 1077 4304 ittstanmationes
1094 4240 1160 4291 tollit.
1184 4241 1308 4291 Panosin
