2896 4792
413 286 483 333 are.
497 286 573 333 nra.
602 284 680 333 cnr.
698 285 772 334 vna
802 283 900 333 seor.
915 287 997 330 nne.
1204 270 1266 335 299

188 439 241 505 47.
274 436 400 504 Eodem
427 448 569 522 tempore
594 436 710 504 seritur
731 446 839 502 menta
859 435 969 522 planta
991 436 1053 515 vel,
1076 435 1103 500 si
1125 436 1328 503 nondumne

146 539 315 624 germinat,
339 558 491 624 spongea.
519 536 595 602 Non
615 536 721 603 minus
742 537 821 603 haec
843 534 952 603 umido
973 537 1095 626 gaudet
1102 561 1112 613 ;
1144 547 1267 604 aestate

146 641 246 717 viret,
266 638 371 706 hieme
390 639 542 705 flavescit.
579 635 692 705 Genus
714 639 785 705 eius
807 639 951 704 silvestre
973 649 1199 717 mentastrum
1222 659 1263 706 ox

146 739 209 806 boo
231 751 431 827 propagatur
451 752 488 805 ut
509 740 595 819 vitis,
618 738 670 805 vel
684 739 712 805 si
727 739 847 806 inversi
861 739 944 804 rami
958 752 1115 805 serantur.
1136 739 1268 806 Mentae

146 863 263 906 nomen
285 841 425 907 suavitas
446 841 554 908 odoris
574 840 662 926 apud
678 838 821 907 Graecos
842 842 990 920 mutavit,
1012 864 1086 908 cum
1096 851 1170 907 ante
1183 840 1267 907 min·

147 942 202 1007 tha
215 954 393 1021 vocaretur,
410 943 498 1010 unde
512 954 638 1010 veteres
652 941 753 1007 nostri
767 963 884 1008 nomen
898 941 1157 1022 declinaverunt3
1179 965 1267 1008 nunc
1399 998 1403 1003 .

145 1054 253 1108 autem
280 1045 386 1130 coepit
405 1044 469 1110 dici
491 1039 730 1113 HltocMON.
767 1040 869 1110 Grato
890 1054 998 1110 menta
1019 1065 1148 1109 mensas
1169 1043 1267 1110 odore
1281 1061 1329 1108 tao

145 1145 304 1229 percurrit
324 1145 359 1209 in
372 1145 503 1210 rusticis
518 1143 667 1229 dapibus.
691 1141 800 1211 Semel
814 1155 884 1211 sata
898 1145 1023 1211 diutina
1039 1155 1141 1211 aetate
1155 1145 1266 1218 durat;

145 1247 294 1333 congruit
323 1247 447 1330 pulsio,
475 1245 567 1312 cuius
594 1255 708 1310 natura
733 1245 768 1310 in
790 1246 944 1313 carnariis
965 1246 1172 1315 reflorescens
1194 1268 1265 1311 sae-

143 1346 219 1432 pius
241 1347 327 1412 diota
348 1359 406 1413 est.
443 1346 536 1413 Haec
557 1368 684 1435 quoque
707 1357 876 1412 servantur
900 1347 995 1413 simili
1016 1369 1153 1434 genere,
1175 1368 1265 1412 men-

146 1455 210 1511 tam
247 1446 318 1513 dieo
352 1447 559 1534 puleiumque
590 1458 622 1512 et
655 1458 822 1533 nepetam;
856 1447 1128 1514 condimentorum
1160 1456 1267 1512 tamen

144 1547 285 1613 omnium
307 1548 446 1615 fastidiis
469 1548 633 1615 cuminum
653 1548 891 1615 amicissimum.
912 1547 1065 1615 Nascitur
1086 1548 1121 1613 in
1143 1568 1267 1613 summa
1282 1568 1326 1611 ter

144 1648 256 1715 tellure
289 1650 345 1716 vix
376 1651 513 1716 haerens
547 1660 579 1715 et
604 1650 639 1715 in
666 1649 801 1716 sublime
823 1650 959 1715 tendens
966 1673 975 1725 ;
1008 1650 1042 1715 in
1064 1646 1213 1736 putribus
1235 1661 1266 1715 et

144 1749 257 1815 calidis
284 1773 433 1817 maxume
460 1751 539 1818 locis
567 1752 673 1818 medio
702 1751 873 1818 serendum
899 1773 986 1817 vere.
1023 1748 1174 1817 Alterum
1196 1750 1265 1817 eius

143 1872 247 1935 genus
280 1850 426 1918 silvestre
459 1853 545 1936 quod
568 1853 723 1919 rusticum
745 1864 879 1931 vocant,
912 1852 967 1919 alii
989 1851 1204 1931 Thebaicum,
1239 1852 1265 1917 si

144 1949 255 2016 tritum
277 1975 319 2017 ex
340 1973 425 2037 aqua
445 1964 584 2039 potetur,
607 1954 643 2019 in
664 1953 773 2020 dolore
797 1954 950 2021 stomachi
964 1954 1107 2040 prodest
1128 1952 1168 2017 In
1183 1950 1264 2021 Car-

141 2051 271 2137 petania
303 2055 406 2120 nostri
441 2053 530 2121 orbis
555 2077 706 2121 maxume
730 2054 897 2133 laudatur,
930 2055 1049 2142 alioqui
1070 2054 1267 2142 Aethiopico

142 2150 317 2238 Afiicoque
339 2155 444 2241 palma
467 2167 531 2236 est;
553 2157 685 2241 quidam
706 2156 768 2224 hoo
785 2157 953 2244 Aegyptio
975 2157 1172 2244 praeferunt.

183 2256 235 2319 48.
259 2254 327 2321 Sed
348 2258 522 2343 praecipue
543 2259 719 2325 olusatrum
740 2258 842 2325 mirae
863 2269 996 2325 naturae
1017 2270 1084 2335 est;
1110 2257 1326 2345 hippose·1oa

140 2352 240 2420 linum
264 2353 383 2423 Graeci
409 2370 542 2437 vocant,
569 2358 624 2425 alii
651 2359 843 2444 zmyrnium.
879 2359 910 2425 E
937 2359 1070 2426 lacrima
1091 2359 1191 2427 caulis
1212 2359 1263 2425 sui

141 2455 303 2530 naseitur3
326 2457 441 2524 seritur
462 2469 495 2524 et
515 2458 634 2525 radice.
663 2457 786 2527 Suoum
804 2459 874 2527 eius
888 2461 945 2545 qui
959 2460 1113 2549 colligrmt
1135 2481 1262 2525 murrae

142 2625 208 2686 tavit,
221 2628 318 2692 Appul.
330 2644 355 2692 p.
368 2634 425 2679 261.
446 2671 476 2679 -
500 2635 563 2691 ante,
573 2630 670 2695 Appul.
688 2626 787 2694 alioqui,
799 2625 870 2695 αβγ.
892 2629 1007 2694 alioquin,
1019 2631 1043 2680 d.
1062 2629 1119 2691 alio,
1132 2647 1153 2691 c,
1166 2630 1210 2696 qui
1222 2645 1260 2681 sc-

140 2696 244 2758 quentia
259 2694 302 2759 qui
316 2695 535 2747 mintha-noman
551 2695 581 2745 de
596 2698 697 2748 omittit.
723 2699 881 2753 Aduerbium
897 2697 990 2761 alioqui
999 2708 1083 2750 ortum
1095 2713 1129 2748 ex
1141 2707 1261 2762 corrupto

140 2764 257 2813 adverbio
269 2771 332 2823 aute,
351 2765 391 2813 eui
408 2779 515 2828 sequens
526 2766 625 2829 syllaba
636 2763 684 2813 mia
696 2759 815 2830 corlnpta
826 2765 948 2827 adhaesit,
965 2767 1037 2816 nulla
1047 2766 1147 2817 ratione
1160 2765 1260 2816 defendi

140 2839 232 2894 potest.
251 2873 282 2880 ..
307 2837 394 2880 veteres
405 2830 489 2894 nostri,
502 2833 545 2888 ad.
569 2827 826 2897 ηυε1νί,ΔρρηΙ.βγ.
843 2874 875 2883 ..
895 2849 984 2894 nomen,
995 2833 1093 2898 Appul.
1113 2833 1259 2888 Omitted.

141 2939 172 2947 -
191 2896 374 2958 declinaverant,
386 2900 484 2963 Appul.
502 2896 686 2961 ἅεοὶὲηαυοναηι,
699 2902 765 2965 adr.
783 2899 938 2962 cibaverunt,
948 2916 969 2950 c.
988 2899 1176 2963 declaraverunt,
1184 2894 1215 2963 β
1228 2941 1260 2953 -

140 2981 200 3014 uuae
211 2973 288 3017 autem
301 2967 376 3030 coepit
387 2965 437 3016 dici
445 2961 494 3018 ΗΔ
499 2960 522 3016 Y
521 2964 654 3029 OOMON,
666 2968 763 3032 Appul.
786 2967 875 3021 Omitt
892 2963 1005 3033 acdssr.
1027 2971 1124 3020 Forma
1136 2964 1168 3018 τὸ
1178 2964 1258 3034 idrio-
1298 3026 1300 3037 Ι

139 3047 217 3095 opor,
227 3049 273 3099 pro
283 3049 334 3098 qua
342 3049 402 3085 sane
411 3035 527 3086 usitatius
536 3031 689 3088 dicebaturd
700 3031 846 3101 viridantior,
856 3038 933 3087 etiam
944 3034 1047 3089 Graecis
1055 3051 1109 3087 non
1117 3037 1260 3100 incognita3

139 3116 162 3150 v.
175 3103 293 3153 Dioscor.
305 3108 330 3163 3,
342 3109 383 3152 36.
401 3102 432 3152 τὸ
450 3100 482 3153 δὲ
500 3096 595 3169 ἄγριον
611 3099 825 3168 ἡδύοσμον...-
831 3099 934 3168 rivetus
952 3100 1101 3169 δασύτερον
1113 3101 1181 3166 xri„
1201 3105 1259 3155 coll.

139 3169 250 3231 Hesyeh.
267 3185 287 3221 s.
303 3184 326 3218 v.
342 3165 427 3230 nitria
444 3179 470 3221 et
485 3171 566 3223 schol.
577 3171 710 3236 Aristoph.
722 3187 776 3223 ran.
791 3176 864 3225 1197.
890 3172 1033 3236 angatam
1048 3172 1124 3223 huius
1135 3172 1187 3222 loci
1199 3173 1259 3224 scri·

107 3292 114 3305 !
139 3242 240 3299 pturam
252 3236 391 3286 defendunt
401 3238 503 3302 Zumpt,
515 3239 543 3289 in
554 3236 667 3295 Berliuer
677 3237 779 3295 Jatrbo.
788 3239 815 3303 f.
832 3238 963 3289 atamen.
975 3237 1061 3291 Krtet
1074 3245 1148 3292 1869.
1160 3255 1204 3291 no.
1219 3242 1258 3291 79.

139 3317 164 3366 p.
178 3306 236 3353 627.
248 3311 274 3353 ot
284 3301 339 3353 Ian.
355 3305 382 3353 in
397 3311 479 3354 nuntt
495 3305 602 3355 litterar.
618 3305 720 3357 Monac.
739 3312 813 3359 1899.
829 3322 871 3358 no.
884 3313 943 3358 206.
958 3323 983 3372 p.
997 3312 1063 3369 612,
1080 3309 1258 3373 supplemento

139 3370 263 3433 Appuleii
279 3377 307 3420 ut
323 3371 456 3423 subditicio
474 3373 604 3433 damnato,
622 3386 681 3423 cum
692 3388 723 3424 eo
733 3375 828 3427 reiecto
839 3375 990 3436 nesciamus,
1007 3378 1136 3439 quomodo
1148 3377 1259 3428 suavitas

139 3437 223 3488 odoris
235 3441 303 3500 apud
315 3438 531 3489 Graecosnomen
542 3439 809 3493 minthaemutaverit.
1062 3445 1067 3453 '

173 3508 258 3569 5166.
285 3513 400 3567 mentae
419 3506 585 3571 Omittedr.
608 3547 639 3556 ..
666 3506 797 3571 ruminat,
810 3513 866 3558 198.
890 3514 931 3570 16,
943 3512 1001 3559 227.
1030 3549 1060 3559 -
1087 3518 1258 3574 nepetamac.

140 3580 242 3635 neptam,
258 3575 282 3623 d.
308 3573 419 3635 aspirem,
436 3569 466 3636 β.
488 3615 519 3624 -
547 3573 882 3639 omniaquefaatidiiaaod.
908 3575 933 3625 itt
945 3573 1089 3626 condicente
1099 3585 1202 3644 sumpta.
1227 3576 1259 3627 In

140 3638 218 3687 oraria
238 3655 299 3701 quae
311 3639 418 3703 fastidio
436 3649 491 3690 aaut
510 3641 626 3691 cuminum
646 3641 822 3704 cudbertum,
838 3646 888 3692 r¹².
920 3640 1161 3695 Oondimentariorum
1180 3653 1258 3695 tamen

140 3706 238 3754 omnium
250 3706 365 3757 stomachi
366 3707 546 3770 suabiiitb,K'.
573 3708 720 3773 omniumque
726 3709 849 3774 fastidiis,
864 3710 914 3761 K².
940 3713 1025 3764 Locus
1041 3714 1077 3764 ita
1088 3715 1221 3764 mutilatus
1232 3721 1258 3763 et

140 3783 273 3836 corruptus
284 3783 331 3836 est,
342 3783 372 3826 ut
382 3791 416 3827 ax
427 3777 521 3828 nostris
532 3777 649 3829 subsidiis
660 3778 760 3832 restitui
770 3793 824 3829 uon
835 3780 924 3844 possit.
947 3820 979 3829 ..
1004 3787 1142 3842 tamense.
1164 3779 1221 3841 iam,
1234 3781 1258 3829 d.

173 3841 188 3902 §
202 3845 259 3892 161.
283 3842 399 3903 parebo,
410 3845 473 3894 aeda
493 3842 606 3908 parade,
616 3840 669 3910 βγ.
690 3885 716 3894 -
741 3844 812 3910 quod,
824 3861 876 3897 om.
888 3862 910 3899 c.
930 3887 961 3897 ..
983 3845 1087 3912 prodest,
1099 3849 1181 3899 omitt.
1194 3849 1257 3899 aod.

120 3934 172 3956 ·..
190 3906 403 3968 aotuiorbraad.
432 3910 532 3976 uiporbt}
548 3928 570 3963 c.
593 3953 623 3963 ..
652 3909 767 3976 alioquin,
784 3915 809 3964 d
832 3952 863 3964 ..
891 3911 1046 3975 ltoaTacd.
1075 3909 1200 3979 huiassr.
1226 3955 1256 3965 .-

139 3971 265 4037 Aepyptia
277 3975 309 4025 T.
327 3974 479 4041 Aepyptiuur‚
491 3975 601 4045 acdssr.

173 4040 258 4100 §len
285 4040 486 4104 hoiueatrurned
498 4043 622 4110 (Appul.)
640 4044 706 4099 holus
717 4055 816 4111 mcum,
828 4065 851 4101 a
871 4048 1058 4115 ..smyrnium
1069 4048 1101 4099 T.
1119 4048 1257 4111 moratum,

138 4109 236 4172 Appul.
253 4107 384 4171 animiam,
396 4113 420 4161 d.
438 4110 561 4175 aarum,
573 4130 595 4167 c.
612 4116 750 4179 smyrnium,
762 4130 808 4181 ar.
825 4132 965 4182 satyrarum,
972 4113 1002 4179 β.
1016 4156 1048 4167 ..
1065 4113 1256 4182 rautnnppul.

138 4175 222 4237 matie,
234 4178 298 4227 aod.
317 4217 348 4227 ..
366 4176 412 4239 sui,
424 4181 481 4229 aad
492 4176 617 4244 (appu)
634 4177 732 4247 omri.
752 4223 783 4233 ..
800 4191 824 4233 et
835 4181 860 4233 ia
871 4181 1069 4248 radoanppul.
1088 4223 1120 4235 ..
1138 4182 1257 4249 quiaod

138 4241 263 4308 (Aaou)
281 4243 339 4297 om.
350 4259 375 4310 r·
395 4284 427 4298 -
449 4247 664 4314 murmonti-
686 4248 806 4313 aaetaa
818 4265 838 4303 r.
862 4245 1105 4317 maneamn-
