2896 4792
407 276 476 320 nm.
493 273 581 320 xxn.
611 272 779 319 csr.1.11.
809 270 906 319 sucu.
925 273 977 316 1-3.
1197 255 1260 319 419

139 432 172 495 in
195 427 302 495 Gallia
324 438 470 503 vocatur,
493 446 557 509 quo
579 423 808 488 Britannorum
831 421 985 509 coniuges
1007 444 1171 506 nurusque
1195 433 1261 488 toto

140 551 274 616 corpore
300 526 416 594 oblitae
443 525 635 610 quibusdam
662 525 695 588 in
720 525 820 590 sacris
843 536 874 589 et
895 524 1000 588 nudae
1022 523 1172 588 incedunt
1186 525 1260 590 ›Ae-

138 632 284 718 tbiopum
304 629 441 694 colorem
461 626 630 692 imitantes.

180 733 226 798 11.
249 735 279 798 3.
302 730 372 794 Iam
394 751 469 794 vero
491 728 576 792 infici
599 729 696 792 vestis
719 729 834 793 scimus
857 725 1036 791 admirabili
1058 726 1141 804 fuco,
1165 737 1290 810 atquea

139 845 176 901 ut
197 832 349 898 sileamus
372 827 528 907 Galatiae,
550 828 696 906 Africae,
720 828 911 894 Lusitaniae
931 828 1040 914 granis
1059 850 1188 893 coccum
1210 829 1261 892 in·

138 933 306 1023 peratoriis
341 932 481 997 dicatum
509 929 762 1014 paludamentis,
796 930 994 1014 transalpina
1021 927 1129 995 Gallia
1154 928 1263 995 herbis

138 1035 239 1122 Tyria
271 1045 367 1118 atque
399 1032 565 1116 conchylia
593 1032 711 1117 tinguit
739 1043 770 1094 et
797 1030 902 1096 omnis
924 1031 1004 1096 alios
1026 1031 1165 1106 colores3
1202 1053 1262 1096 nec

140 1135 269 1221 quaerit
300 1135 334 1199 in
367 1132 537 1220 profundis
563 1131 701 1196 murices
730 1152 830 1214 seque
857 1131 1024 1197 obiciendo
1052 1134 1172 1197 escam
1186 1132 1262 1196 dum

138 1235 294 1324 praeripit
315 1234 419 1300 beluis
440 1233 555 1311 maris,
584 1233 704 1297 intacta
733 1234 829 1297 etiam
851 1234 976 1298 ancoris
998 1243 1159 1298 scrutatur
1182 1231 1264 1296 vada

138 1349 174 1403 ut
195 1337 337 1403 inveniat
358 1357 416 1420 per
436 1334 523 1419 quod
546 1333 671 1399 facilius
693 1344 839 1398 matrona
860 1334 1005 1399 adultero
1026 1334 1159 1420 placeat,
1186 1355 1263 1398 con·

138 1448 252 1523 ruptor
265 1436 435 1503 insidietur
449 1446 579 1520 nuptae.
603 1431 701 1499 Stans
724 1446 756 1500 et
776 1434 810 1498 in
832 1433 915 1501 sicco
938 1435 1039 1530 carpit
1058 1457 1122 1520 quo
1136 1435 1293 1522 frugcms

138 1540 249 1615 modo;
273 1539 330 1604 sed
351 1539 483 1624 culpant
504 1536 591 1601 ablui
613 1558 674 1601 usu
681 1561 690 1613 ;
713 1536 833 1620 alioqui
855 1536 1033 1623 fulgentius
1053 1535 1169 1602 instrui
1189 1546 1263 1622 pot·

139 1651 208 1706 erat
232 1641 375 1718 luxuria,
410 1650 495 1704 certe
523 1638 735 1704 innocentius.
761 1637 846 1702 ·Non
874 1650 925 1703 est
950 1660 1036 1703 nunc
1062 1636 1263 1724 propositum

139 1742 203 1807 ista
232 1741 406 1806 consectari
434 1762 493 1804 nec
519 1738 743 1803 conmittemus
764 1749 800 1803 ut
823 1739 1007 1804 subiciendo
1030 1739 1147 1804 tutiora
1166 1739 1262 1803 luxu·

138 1843 219 1908 riam
247 1842 367 1908 vilitate
394 1837 693 1906 circumscribamus
721 1839 839 1905 dicturi
866 1851 897 1905 et
917 1828 1002 1907 valias
1028 1838 1263 1928 herbis‘tingui

137 1944 275 2031 lapides,
296 1943 435 2030 parietes
450 1941 560 2027 pingi3
583 1963 643 2004 neo
658 1939 827 2029 tinguendi
842 1952 947 2006 tamen
961 1941 1115 2008 rationem
1133 1941 1261 2006 omisis-

138 2068 256 2125 semus,
280 2044 307 2110 si
329 2066 480 2128 umquam
503 2065 542 2109 ea
562 2041 742 2108 liberalium
765 2042 881 2107 artium
897 2043 1020 2108 fuisset.
1039 2042 1173 2107 Interim
1195 2043 1290 2108 for-s

137 2147 201 2212 tius
227 2158 341 2233 agetur
367 2145 602 2228 auctoritasque
628 2155 749 2228 quanta
777 2143 932 2210 debeatur
954 2145 1050 2210 etiam
1072 2144 1179 2210 surdis
1200 2144 1261 2210 hoc

138 2259 188 2312 est
208 2247 403 2334 ignobilibus
424 2246 532 2312 herbis
553 2240 789 2329 perhibebitur,
814 2247 971 2330 siquidem
990 2258 1136 2313 auctores
1157 2246 1261 2332 inpari

189 2433 225 2476 uo,
239 2420 312 2468 codd.
323 2418 437 2467 Barbari.
450 2415 538 2467 Omitt.
550 2416 633 2466 RVd.
653 2457 683 2465 ..
703 2425 726 2464 et
737 2415 822 2476 nudus,
834 2418 866 2467 Β.
885 2416 1062 2478 uudue‚VTd.
1082 2458 1112 2467 ..
1131 2416 1216 2476 colora,
1227 2417 1259 2467 R.

172 2434 188 2546 d
201 2493 224 2536 3.
249 2493 376 2545 mosomus,
387 2485 440 2535 Τὰ.
460 2503 491 2533 -·.
512 2483 597 2548 proma
613 2499 767 2547 quamquam
784 2499 842 2533 cum
856 2484 986 2534 Gronovio
999 2485 1120 2549 explicari
1132 2492 1216 2548 potest
1227 2500 1260 2535 ex

138 2555 176 2614 iis,
195 2567 260 2617 quae
276 2554 307 2602 de
324 2553 418 2602 omissa
432 2552 618 2615 praepositione
634 2567 663 2598 ee
679 2552 731 2600 dixi
748 2553 780 2601 ad
793 2557 833 2612 35,
847 2557 897 2612 48,
916 2553 967 2601 hoc
985 2553 1043 2602 loco
1055 2561 1140 2603 umen
1154 2551 1261 2616 apronia

138 2623 275 2685 legendum
296 2635 350 2670 esse
367 2628 436 2684 puto.
464 2620 549 2669 Minus
567 2617 689 2669 ssdsfacit
706 2619 831 2668 sententia
847 2619 978 2679 salmasii,
1000 2621 1043 2683 qni
1060 2635 1142 2669 exerc.
1159 2632 1184 2684 p.
1201 2623 1259 2670 aot.

138 2690 162 2738 b.
175 2690 209 2738 A.
222 2699 247 2738 et
258 2703 282 2752 p.
297 2693 353 2738 192.
365 2690 389 2738 b.
401 2687 432 2738 G.
445 2703 459 2736 e
470 2689 495 2737 K
508 2685 571 2736 cuci
579 2702 681 2751 pronum
693 2686 811 2750 praefert.
828 2727 860 2735 ..
878 2687 1036 2750 imperatoris,
1048 2683 1107 2749 νβ.
1121 2728 1152 2737 -
1174 2685 1259 2751 Tyrio,

142 2749 220 2807 θΤᾰ.
243 2755 325 2821 Tyrio,
337 2755 400 2805 RV.
423 2753 530 2820 Mum,
541 2750 572 2815 β
590 2794 621 2804 ...
640 2751 762 2819 conchylio
775 2753 867 2818 tiupuit,
883 2748 990 2806 θΒΤᾶ.
1008 2753 1129 2805 conciliati
1138 2754 1211 2819 uuqit,
1224 2752 1258 2803 V.

138 2822 284 2889 conchylium
299 2823 390 2889 tiupuit,
400 2819 430 2885 β.
450 2863 481 2872 ..
500 2831 522 2871 et
533 2821 616 2881 omna,
627 2822 661 2872 V.
684 2829 708 2870 et
718 2837 802 2882 omum,
818 2812 896 2871 θΤᾱ.
919 2822 1002 2884 oman,
1013 2824 1046 2875 Β
1068 2838 1197 2885 omnerque,
1208 2817 1259 2886 βγ.

140 2933 171 2941 ..
183 2889 306 2953 marisca,
319 2890 352 2942 V.
366 2932 397 2941 -
414 2906 491 2954 sequa,
505 2880 642 2941 ORVTd.
659 2904 709 2938 sese
726 2905 761 2952 ue,
769 2883 799 2952 β.
813 2930 844 2939 ..
862 2888 1012 2953 obiiciendos,
1021 2892 1052 2942 Β.
1065 2930 1097 2940 .,
1115 2905 1192 2938 acum
1204 2888 1259 2938 ἅνω

24 2963 32 2973 ’
134 2959 329 3023 praeripitlid.
347 2974 423 3008 usum
436 2956 491 3007 dum
500 2957 635 3022 praerupit,
647 2958 679 3008 Β.
760 2956 887 3021 praeripit,
901 2959 974 3009 codd.
983 2958 1097 3011 Barbari.
1115 2956 1171 3008 dum
1182 2971 1258 3006 esem

134 3026 263 3091 praecipit,
275 3029 308 3077 K.
328 3069 359 3076 -
378 3025 459 3087 muria
476 3018 554 3076 OVd.
576 3024 684 3086 munna,
697 3021 774 3090 Itur.
795 3066 825 3074 ..
845 3023 963 3088 amieria,
974 3026 1006 3076 Β.
1027 3067 1056 3075 -
1075 3033 1191 3089 οοννιφτο,
1202 3026 1258 3075 Vd.

139 3136 169 3144 ,.
188 3102 283 3158 nuptae,
296 3096 351 3146 Vd.
371 3095 448 3155 subseq
455 3094 487 3143 R.

171 3165 226 3225 54.
255 3161 330 3224 oepit,
347 3164 378 3212 R.
401 3201 432 3210 ..
460 3177 505 3223 quo
514 3161 613 3224 srupem
631 3159 711 3222 modo,
731 3161 768 3210 ita
785 3175 833 3211 nos
850 3162 1003 3224 scripsimus.
1034 3177 1079 3225 quo
1089 3161 1165 3226 srupe
1183 3159 1258 3221 modo,

137 3229 251 3278 RVTd.
278 3226 426 3291 quodfrupe
441 3225 518 3287 modo,
533 3220 561 3275 θ.
588 3243 633 3289 quo
641 3229 741 3292 srupem
757 3225 885 3289 adorati.
911 3227 1256 3292 quaefrupiucmuuduali.

137 3295 281 3410 tritt
289 3291 822 3422 tilitatttttittttl't’i
839 3335 868 3343 “
892 3294 1099 3411 “iiiiinldi
1115 3293 1260 3412 iiiiii}

137 3446 189 3490 usu,
204 3379 334 3493 sirice.
354 3375 412 3481 oni.
427 3424 456 3490 β.
480 3376 903 3492 J.t.·.,..·,012vt.’.1.÷·.,..⁷.,
920 3430 973 3479 nu.
999 3378 1049 3479 riis
1065 3398 1167 3492 nias,
1185 3433 1257 3481 cous.

138 3496 195 3547 Gel.
206 3493 235 3558 β.
255 3538 285 3546 ..
304 3495 447 3562 fulpentius,
468 3488 626 3546 BRVTdd.
644 3494 804 3560 sulcantibus,
822 3499 895 3546 codd.
909 3496 966 3548 Gal.
981 3493 1010 3558 β.
1029 3495 1161 3561 sulpentiu,
1173 3499 1205 3548 K.
1225 3538 1257 3547 ..

138 3564 248 3627 insotrui,
260 3568 292 3616 R.
314 3566 395 3615 Varia
409 3566 435 3614 in
451 3572 507 3614 toto
523 3565 574 3614 hoc
590 3564 647 3614 looo
659 3571 757 3614 tentam
768 3565 845 3624 Pint,
861 3563 969 3614 Salmas.
981 3573 1007 3615 et
1018 3564 1130 3616 Gronov,
1150 3607 1181 3614 -
1199 3563 1257 3616 Nou

137 3641 172 3680 est
183 3650 243 3682 nunc
252 3633 408 3697 propositum,
419 3634 512 3683 VTd.⁴
524 3630 596 3682 Nunc
604 3631 752 3696 propositum
764 3647 810 3680 uon
821 3639 862 3692 est,
874 3627 903 3693 β.
926 3631 998 3682 Nunc
1006 3632 1162 3696 propositum,
1174 3634 1206 3683 Β.
1225 3674 1256 3683 ..

137 3701 274 3760 ornittsmus,
291 3702 374 3751 RVd.
398 3742 428 3751 -
457 3700 557 3759 tutiora,
576 3699 687 3750 Gronov.
717 3697 827 3761 utiliora,
844 3695 944 3764 Russr.
972 3700 1086 3763 utilioris,
1102 3702 1137 3751 V.
1163 3699 1256 3762 uiliora,

137 3768 199 3817 ΤΚ.
223 3769 348 3828 „Tutiora
359 3769 375 3816 i.
388 3783 410 3818 e.
423 3783 488 3831 quac
499 3783 552 3818 non
564 3775 636 3818 tanto
647 3767 761 3831 periculo
774 3768 952 3829 quaeruntur,
968 3768 1082 3819 Gronov.
1101 3809 1132 3817 ..
1156 3767 1257 3828 uilitate,

141 3828 279 3886 ORVTd.
306 3834 416 3895 utilitate,
432 3832 461 3896 β.
480 3876 510 3886 -
538 3834 603 3884 aliua
619 3840 697 3894 35,3.
719 3876 749 3884 ..
775 3835 880 3898 parietes
894 3835 972 3900 piupi,
990 3839 1025 3886 ita
1040 3851 1088 3886 nos
1104 3837 1256 3901 scripsimus.
1284 3891 1287 3897 ,

135 3902 292 3966 peristereos
301 3903 378 3966 pinei,
391 3904 424 3953 V.
440 3903 534 3966 pariete
545 3919 586 3952 uec
594 3902 673 3968 piupi,
686 3903 717 3951 R.
738 3902 849 3965 parietes.
867 3901 921 3953 Nec
928 3901 1052 3968 piupeudi,
1065 3907 1089 3953 d.
1108 3904 1257 3967 parietesque

134 3969 211 4034 pinqi,
223 3965 275 4034 βγ.
295 4011 325 4019 ..
345 3969 470 4028 omisimus,
482 3970 513 4019 R.
533 4011 563 4019 ..
582 3987 619 4031 eu,
634 3971 696 4020 RV.
715 3977 744 4032 et,
757 3973 781 4020 d.

173 4036 222 4096 §a
233 4037 326 4100 fortius
341 4045 430 4101 spelm,
447 4030 605 4088 ORded.
621 4037 731 4101 partibus
741 4045 849 4102 cupetur,
861 4039 893 4089 K.
912 4038 1005 4102 fortius
1016 4045 1123 4103 cupetur,
1135 4034 1164 4098 β.
1227 4038 1257 4087 a·-

138 4105 178 4152 bua
194 4113 307 4168 cupetur,
323 4106 411 4155 Dalec.
438 4145 461 4152 -
490 4105 675 4168 curruumque,
692 4105 806 4157 Gronov.
823 4105 875 4155 Rd.
899 4103 1030 4154 auctoritas
1048 4121 1120 4169 quae,
1141 4108 1169 4157 V
1193 4143 1200 4156 .
1225 4147 1255 4156 .-

137 4171 249 4221 debeatur
264 4172 458 4233 edum,Barbur.
481 4170 548 4220 debet
564 4173 642 4232 uisu,
653 4175 684 4224 Β.
711 4171 778 4222 debet
793 4188 856 4234 aaut,
870 4174 926 4223 Vd.
946 4212 977 4222 ..
999 4170 1042 4222 boo
1059 4181 1094 4221 ast
1109 4172 1256 4239 ipuodilibus,

136 4254 185 4306 pro
201 4241 352 4305 glossemate
368 4241 464 4290 habent
480 4239 593 4290 Gronov.
611 4249 638 4290 et
648 4241 752 4292 (lauet.
764 4242 898 4291 chrestom.
916 4257 941 4304 p.
954 4245 1011 4292 609.
1030 4278 1060 4339 ἶ
1079 4240 1210 4306 prosilias,
1221 4242 1256 4293 V.
