2896 4792
443 284 514 331 ma.
528 284 617 331 xvn.
646 282 723 330 oss.
740 284 789 331 1x.
819 281 917 330 sacr.
932 285 952 326 e.
1220 266 1260 332 ei

138 439 256 505 ferunt.
278 434 476 501 Proxumum
498 435 613 501 deinde
634 455 803 519 caprarum
825 444 886 513 est,
909 434 951 499 ab
971 434 1032 500 boc
1045 434 1164 512 ovium,
1187 435 1261 500 dein
1351 502 1355 509 ,

138 541 247 618 boum,
269 537 480 603 novissimum
500 535 727 600 iumentorum.
751 534 824 601 Hae
838 535 929 601 fuere
942 535 1030 620 apud
1052 535 1177 621 priscos
1197 536 1263 601 dii·
1277 553 1308 597 se

137 640 306 718 ferentise,
338 638 496 723 simulque
516 648 706 725 praecepta,
734 656 799 701 nen
820 637 952 702 inventa
972 638 1174 726 ingeniorum
1196 647 1264 702 ret·

139 743 200 809 tuli
220 739 345 819 utendi,
365 738 497 824 qnando
516 749 549 804 et
569 737 623 803 hie
643 748 788 803 vetustas
808 738 931 815 utilior3
953 737 1122 823 visumque
1135 740 1200 803 iam
1214 749 1265 805 est

139 843 229 931 apud
248 841 406 927 quosdam
426 839 686 926 provincialium,
720 839 754 902 in
787 850 912 904 tantum
939 838 1123 906 abundante
1145 841 1265 928 geniali

139 945 235 1031 copis
255 942 433 1031 pecudum,
464 941 586 1007 farinae
608 941 679 1006 vice
702 940 815 1005 cribris
838 940 1027 1026 superinici,
1059 940 1179 1007 faetore
1205 941 1265 1006 ad·

140 1056 320 1131 spectnque
347 1043 501 1129 temporis
529 1042 653 1107 viribus
678 1042 712 1106 in
734 1042 895 1126 quandam
917 1043 1013 1107 etiam
1034 1042 1172 1130 gratiam
1192 1065 1265 1107 mu·

140 1157 218 1213 tato.
254 1145 368 1231 Nuper
395 1155 558 1230 repertum
579 1143 666 1209 oleae
687 1143 830 1229 gaudere
858 1166 1007 1210 maxume
1033 1145 1137 1209 cinere
1159 1166 1178 1209 e
1199 1143 1266 1209 cal-

140 1245 237 1313 cariis
263 1245 458 1311 fornacibus.
495 1244 603 1311 Varro
631 1244 814 1330 praeceptis
840 1245 939 1310 adicit
965 1245 1082 1330 equino
1110 1245 1197 1330 quod
1225 1245 1267 1310 sit
1280 1263 1312 1306 ss

139 1347 340 1415 levissimum
361 1357 489 1435 segetes
510 1346 634 1425 alendi,
668 1358 762 1430 prata
790 1368 867 1410 vero
896 1346 1043 1433 graviore
1064 1357 1097 1411 et
1118 1347 1204 1431 quod
1225 1367 1267 1412 ex

140 1447 262 1514 bordeo
281 1448 339 1513 fiat
358 1449 541 1532 multasque
562 1448 677 1535 gignat
698 1446 824 1512 herbas.
865 1444 1006 1527 Quidam
1029 1446 1124 1512 etiam
1145 1446 1268 1512 bubulo

139 1549 356 1616 iumentorum
388 1550 578 1636 praeferunt
609 1548 805 1631 ovillumque
838 1549 979 1633 caprino,
1011 1548 1160 1613 omnibus
1192 1568 1269 1612 vero

139 1650 311 1729 asininum
332 1651 484 1734 quoniam
505 1650 682 1716 lentissime
703 1649 874 1728 mandant;
897 1649 1094 1715 econtrario
1107 1670 1188 1714 usus
1209 1648 1267 1713 ad-

140 1772 255 1817 versus
274 1762 448 1835 utrumque
468 1751 666 1839 pronuntiat.
688 1750 777 1816 Inter
798 1750 901 1816 omnis
922 1761 1033 1817 autem
1052 1760 1177 1818 constat
1189 1748 1268 1815 nihil

141 1874 213 1919 esse
233 1853 342 1918 utilius
363 1852 466 1939 lupini
487 1863 615 1941 segete,
648 1851 836 1938 priusquam
864 1852 1049 1937 siliquetur,
1082 1864 1188 1918 aratro
1215 1852 1267 1918 vel

140 1953 327 2021 bidentibus
348 1976 444 2019 versa
462 1954 677 2039 manipulisve
699 1952 846 2019 desectae
868 1953 956 2019 circa
973 1954 1101 2021 radices
1114 1955 1266 2021 arborum

141 2075 180 2121 ac
208 2054 322 2120 vitium
350 2055 493 2132 obrutis3
527 2064 560 2121 et
590 2055 647 2120 ubi
673 2076 738 2119 non
765 2054 807 2119 sit
833 2076 951 2140 pesum
984 2057 1089 2121 culmo
1113 2057 1188 2143 ipso
1213 2057 1266 2122 vel

141 2155 239 2221 etiam
261 2155 355 2222 sebee
377 2167 553 2222 stercorare
575 2156 778 2222 arbitrantur.
812 2153 912 2222 Cato:
939 2167 1088 2236 „stercus
1108 2158 1193 2223 unde
1215 2158 1266 2223 fa·
1279 2173 1310 2216 ⁵⁵

141 2256 219 2335 cias,
241 2267 428 2335 stramenta,
450 2257 607 2344 lupinum,
629 2257 748 2342 paleas,
776 2255 894 2323 fabalia
914 2280 953 2323 ac
973 2258 1098 2324 frondis
1118 2259 1265 2348 iligneas‚

142 2377 312 2440 querneae.
338 2359 393 2423 Ex
413 2369 524 2445 segete
546 2358 672 2424 evellito
694 2359 834 2436 ebulum,
856 2360 994 2425 cicutam
1016 2371 1049 2426 et
1070 2360 1192 2426 circum
1213 2383 1266 2427 aa·

141 2457 218 2524 licta
237 2459 372 2531 herbum
398 2461 495 2527 altam
520 2462 709 2544 ulvamque3
743 2482 813 2524 eam
843 2460 1036 2527 substernito
1063 2461 1177 2527 ovibus
1203 2461 1265 2527 bu-

141 2559 266 2645 busque
287 2561 435 2628 frondem
455 2561 611 2648 putidam.
633 2561 740 2626 Vinea
760 2559 789 2625 si
809 2583 918 2626 macra
939 2564 1010 2641 erit,
1034 2575 1193 2628 sarmenta
1207 2585 1267 2627 sna

142 2710 221 2751 unum
234 2702 381 2765 exemplum
392 2700 477 2751 statim
489 2699 556 2750 inira
567 2699 649 2751 affert
667 2695 768 2769 Iupania
779 2713 839 2748 vero
851 2698 918 2749 Pliu.
930 2715 1007 2750 sensu
1018 2701 1066 2764 ipsi
1077 2701 1179 2764 proprio
1188 2702 1264 2750 etiirm

142 2769 205 2819 alibi
224 2768 257 2819 ds
276 2769 424 2819 bominibus
443 2769 551 2818 nimium
573 2767 708 2818 subtilibus
725 2766 898 2828 sapientiaque
915 2782 961 2817 sna
977 2769 1179 2829 superbientibus
1195 2768 1265 2827 dicit,

135 2837 204 2895 coll.
216 2839 240 2897 2,
253 2840 295 2887 97.
316 2835 461 2899 iuqeus'orum
473 2850 578 2894 muman,
591 2841 631 2894 24,
644 2841 668 2882 t.
691 2832 836 2897 iuqeutbrum
848 2840 976 2896 capturoe;
988 2836 1134 2884 adverbium
1146 2850 1205 2885 vero
1218 2851 1266 2886 acu

142 2916 190 2966 pro
206 2918 280 2966 neque
291 2918 346 2951 vare
357 2898 503 2953 sexcenties
511 2903 543 2952 ab
559 2916 590 2951 eo
608 2900 719 2965 positum
732 2900 866 2961 invenitur,
879 2900 937 2950 coll.
950 2901 1033 2950 Hand.
1046 2902 1155 2952 Tursell.
1169 2908 1193 2965 4,
1206 2906 1264 2953 270.

144 3010 177 3021 -
192 2970 328 3034 mpsrimbr’,
339 2987 363 3021 s.
380 2969 456 3032 isis'er‘,
467 2971 519 3020 Ta
539 3009 571 3019 ..
588 2967 685 3028 simbus,
696 2985 717 3019 r.
735 3008 767 3018 ..
777 2967 929 3031 funestius,
941 2983 993 3019 em.
1004 2985 1025 3019 r.

177 3040 193 3101 ξ
206 3042 247 3087 54.
280 3038 373 3100 Varro3
389 3039 467 3087 verba
478 3037 601 3087 Varronis
618 3037 649 3086 de
664 3050 691 3085 re
702 3044 763 3086 rust.
778 3041 800 3096 l,
813 3040 854 3086 88.
867 3052 884 3086 a
893 3037 978 3087 Plinio
991 3038 1058 3087 mule
1069 3035 1147 3087 luisse
1159 3046 1265 3102 accepta

143 3114 201 3169 post
211 3105 358 3155 Pintianum
371 3105 512 3154 observavit
524 3103 669 3154 Schneider.
687 3144 718 3152 ..
737 3101 825 3163 alendi,
837 3105 881 3153 ad.
898 3101 1005 3165 alendus,
1016 3099 1069 3167 βγ.
1088 3146 1119 3154 -
1130 3106 1173 3168 fit,
1184 3104 1218 3154 K
1231 3147 1263 3154 -

141 3170 226 3236 qiqus't‚
238 3189 259 3223 r.
277 3213 309 3222 ..
329 3170 422 3233 bubulo,
434 3174 458 3221 d.
477 3170 568 3231 bubalo,
580 3187 603 3220 a.
622 3169 739 3231 bubaliae,
751 3187 771 3219 r.
792 3211 823 3219 ..
845 3169 993 3234 ovillumque,
1006 3188 1028 3220 a.
1050 3171 1197 3235 suillumque,
1209 3175 1263 3223 Td.

143 3280 176 3290 ..
194 3238 311 3288 asisinus
327 3237 464 3299 Columella,
476 3241 543 3289 Pint.
556 3240 615 3288 coll.
629 3238 766 3288 Columell.
778 3237 813 3286 Π.
828 3243 867 3296 14,
879 3244 904 3288 4.
928 3279 959 3287 -
985 3237 1109 3301 mmsdout,
1124 3242 1169 3289 ad.
1195 3256 1264 3289 mun·

143 3305 211 3368 dunt,
222 3321 264 3370 rr.
278 3349 310 3356 -
327 3315 444 3370 utrosque,
454 3308 487 3357 Κ,
499 3348 531 3356 -
549 3304 667 3368 siliquam,
677 3307 701 3354 d.
719 3305 835 3367 siliquam,
849 3305 880 3356 Τ.
897 3303 989 3367 σι’ἰίᾳιιςΊ
1001 3321 1025 3354 a
1038 3346 1069 3355 ..
1088 3322 1179 3369 ousae,
1191 3310 1263 3361 Tse.

143 3414 176 3425 ..
194 3381 226 3435 el,
236 3375 325 3425 ll'adr.
342 3375 420 3435 uuum,
431 3369 484 3439 βγ.
502 3415 534 3424 -
545 3373 628 3437 selice,
641 3374 687 3422 ad.
697 3371 773 3434 filice,
785 3368 836 3435 βγ.

178 3444 246 3506 555.
275 3440 622 3502 mensurantem.-
633 3439 727 3503 facias,
739 3441 807 3490 Pint.
816 3439 909 3502 suurbi,
923 3431 1022 3490 Ossa
1031 3439 1091 3502 fiot,
1103 3436 1154 3505 βγ.
1167 3482 1198 3493 ..
1215 3458 1263 3506 pu-

145 3506 204 3570 leue,
215 3511 282 3559 Pint.
296 3549 328 3558 ..
338 3507 446 3573 frondis,
456 3526 480 3558 a.
490 3506 602 3570 frondes,
615 3501 685 3571 ᾱβγ.
699 3549 731 3557 -
750 3506 859 3570 iliqume,
870 3523 992 3570 querneae,
1004 3509 1040 3558 ita
1050 3523 1098 3558 uos
1109 3511 1263 3573 scripsimus.

144 3574 233 3641 ιἸίφιοα
244 3592 356 3638 quassa,
367 3592 391 3625 a.
409 3574 507 3640 iliqiueo
519 3591 617 3640 querna,
630 3576 654 3624 d.
672 3573 760 3639 iliquue
771 3590 926 3638 querensque,
936 3570 966 3636 β.
983 3574 1084 3640 iliqueos
1095 3593 1263 3639 querneasque,

143 3657 169 3708 γ.
186 3641 381 3708 ocarissrouderu
393 3642 504 3709 Qucum
516 3651 538 3691 st
549 3658 674 3706 querneum
686 3649 709 3689 et
719 3649 820 3706 seqetum
831 3640 939 3706 stipulas,
952 3642 1043 3692 ebulum
1055 3650 1079 3692 et
1088 3642 1140 3706 cic,
1151 3646 1218 3694 Pint.
1231 3684 1262 3693 -

144 3708 196 3772 Es,
207 3712 253 3761 sd.
271 3709 305 3772 E,
316 3707 367 3775 βγ.
385 3752 417 3760 -
435 3709 680 3769 eieutom-lserbam,
693 3723 745 3759 om.
756 3726 777 3759 r.
796 3750 828 3759 ..
851 3707 1033 3770 ultum,chta.
1045 3712 1071 3760 in
1083 3711 1157 3761 Iahn.
1171 3713 1263 3761 horreo

148 3784 188 3839 10,
206 3785 247 3828 49.
264 3792 298 3828 ex
313 3779 421 3829 Catone.
452 3786 543 3838 cotom,
563 3770 641 3828 Harl.
667 3784 781 3837 muctam,
799 3778 847 3828 Τά
862 3776 932 3840 (eod.
949 3779 1048 3829 Victor.
1066 3781 1098 3828 ad
1116 3775 1221 3839 Geton.)
1237 3792 1262 3842 r,

146 3847 215 3909 quod
228 3845 368 3897 defendunt
378 3847 489 3896 Turneb.
501 3847 557 3896 adr.
572 3851 611 3906 ll,
627 3852 674 3906 13,
686 3845 786 3908 Popma
797 3847 829 3895 ad
841 3845 931 3896 Oeten.
943 3852 968 3895 et
978 3847 1089 3896 Pelmer.
1106 3846 1219 3909 spicileg.
1236 3847 1264 3897 iu

144 3913 249 3964 Sallust.
261 3929 286 3977 p.
300 3920 366 3974 504,
378 3914 507 3976 improbat
518 3912 663 3964 Schneider.
673 3913 706 3962 ad
716 3912 807 3962 Caton.
816 3928 842 3976 p.
852 3917 892 3961 98.
910 3920 985 3974 coiea,
994 3917 1027 3963 r².
1045 3919 1146 3973 auctam,
1155 3907 1184 3971 β,
1194 3914 1264 3975 qnod

144 3980 257 4031 defendit
267 3983 365 4033 llmter.
377 3982 483 4031 conieci.
495 3986 519 4042 8,
530 3987 555 4030 ³.
564 3995 589 4044 p
599 3986 657 4031 343.
675 3978 860 4040 chamaam,
869 3981 957 4030 Doleo.
970 4021 1001 4029 ..
1020 3980 1137 4041 bubsuque
1140 3978 1263 4044 frondem,

144 4048 181 4097 ies
196 4063 246 4098 nos
260 4049 404 4112 scripsimus
422 4064 456 4098 ex
472 4046 528 4099 Cat.
555 4063 600 4110 que
607 4046 734 4109 frondere,
751 4049 795 4097 sd.
819 4046 991 4111 frondemque,
1006 4042 1058 4113 βγ.
1086 4085 1117 4095 ..
1144 4045 1263 4111 putidam,

145 4108 260 4166 OTadr.
281 4113 413 4179 putridum,
424 4111 454 4177 β.
477 4157 508 4166 ,.
536 4130 620 4163 macru
631 4116 681 4176 erit,
693 4117 772 4166 Hard.
785 4115 884 4166 excat.
897 4118 938 4175 at,
951 4120 974 4164 8.
996 4113 1147 4176 mnerouers‘t,
1162 4108 1264 4179 O'l'ad,

143 4184 212 4237 mie
223 4185 338 4248 suspicor
348 4183 514 4247 uwofuers't
524 4184 660 4246 legendum
672 4198 735 4235 essa
752 4181 887 4241 mnemon,
898 4177 927 4242 β.
1040 4245 1059 4306 6

177 4251 256 4302 Puni.
272 4250 323 4300 Ill.
