2896 4792
134 232 174 295 88
486 247 689 295 aseensus
712 248 907 295 ursroarnn

132 397 344 484 obducantur.
380 396 482 484 Mago
511 410 585 464 ante
612 421 729 464 annum
757 399 857 478 iubet,
886 409 923 463 ut
945 400 1043 464 solem
1064 399 1256 485 pluviasque
1269 423 1302 467 ao

132 497 315 577 conbibent,
338 511 404 577 aut,
428 498 456 566 si
477 500 511 563 id
531 499 677 566 condicio
698 485 816 588 lingita
829 500 962 579 nonsit,
983 501 1070 586 ignis
1082 502 1117 569 in
1131 502 1257 569 medios

131 600 202 666 fieri
228 612 303 666 ante
334 623 460 666 menses
488 601 585 680 duos,
618 623 680 665 nec
700 601 764 666 nisi
791 612 865 687 post
891 600 1005 667 imbris
1032 602 1067 665 in
1092 601 1144 667 his
1173 602 1237 668 seri
1245 626 1255 680 3

132 702 333 768 altitudinem
355 724 465 767 eorum
493 702 527 764 in
554 701 706 789 argilloso
727 713 784 767 aut
804 701 885 768 duro
915 704 982 768 solo
1010 703 1107 767 trium
1128 702 1261 770 cubito·.

131 826 204 868 rum
225 824 296 868 esse
317 803 351 866 in
373 824 534 886 quamque
556 812 690 889 partem,
720 802 755 868 in
781 803 891 889 pronis
920 804 1026 888 palmo
1048 803 1197 889 amplius,
1224 814 1257 869 et

131 903 252 988 ubique
274 902 432 969 caminata
454 902 583 968 fossura
602 926 658 969 ore
685 903 925 989 conpressiores
954 903 1032 982 sint,
1062 904 1158 991 nigra
1177 926 1256 971 vero

133 1020 218 1070 terra
240 1004 303 1068 duo
325 1002 435 1070 cubita
455 1015 489 1069 et
508 1004 650 1090 palmum
672 1004 838 1088 quadratis
859 1005 997 1091 angulis.
1022 1004 1150 1070 Eadem
1164 1028 1256 1070 men·

133 1129 209 1174 sura
222 1103 341 1172 Graeci
354 1115 502 1171 auctores
516 1107 731 1184 consentiunt,
751 1129 817 1171 nou
831 1105 960 1173 altiores
974 1107 1072 1191 quino
1086 1105 1257 1188 semisqui-

132 1208 215 1294 pede
243 1229 315 1274 esse
343 1206 461 1272 debere
487 1224 548 1274 nec
579 1208 709 1274 latiores
744 1207 872 1273 duobus
905 1207 1063 1292 pedibus,
1096 1229 1258 1291 nusquam

133 1333 210 1376 vero
231 1307 424 1394 sesquipede
445 1308 550 1375 minus
574 1310 665 1388 altos,
692 1308 844 1393 quoniam
865 1309 899 1374 in
920 1309 1030 1375 umido
1053 1311 1120 1375 solo
1142 1309 1185 1373 ad
1206 1307 1257 1373 vi·

133 1412 207 1476 cina
227 1432 329 1496 aquae
356 1410 531 1495 perveniat.
568 1407 665 1475 Cato:
695 1411 836 1488 „sulcos
863 1411 892 1475 si
916 1411 1008 1477 locus
1034 1433 1176 1497 aquosus
1203 1409 1302 1489 sitsi

131 1512 215 1577 latos
242 1512 344 1597 pedes
372 1522 479 1578 ternos
504 1511 539 1577 in
566 1509 714 1577 faucibus
741 1511 888 1596 imosque
914 1512 1056 1597 palmum
1077 1522 1109 1579 et
1129 1511 1257 1597 pedem,

132 1612 301 1678 altitudine
323 1623 473 1698 quattuor
494 1612 629 1699 pedum3
657 1635 712 1678 eos
732 1612 842 1697 lapide
864 1614 1025 1679 consterni
1047 1624 1113 1692 aut,
1143 1612 1172 1678 si
1192 1632 1259 1679 non

134 1714 187 1793 sit,
207 1714 341 1801 perticis
364 1714 498 1802 salignis
520 1713 694 1791 viridibus,
724 1713 751 1778 si
772 1735 875 1798 neque
896 1713 957 1779 hae
979 1715 1054 1793 siut,
1077 1713 1259 1794 sarmentis,

132 1817 180 1883 ita
201 1815 292 1881 utin
313 1815 517 1881 altitudinem
538 1814 741 1900 sesquipedis
763 1815 962 1881 trahantur.’'
989 1814 1093 1881 Nobis
1114 1815 1259 1880 adicien-

135 1917 213 1982 dum
234 1916 363 1982 videtur
383 1939 424 1983 ex
446 1916 614 2002 praedicta
639 1915 790 1983 arborum
815 1928 933 1982 natura
957 1929 995 1982 ut
1023 1916 1119 1982 altius
1142 1916 1259 1981 demit·

135 2027 241 2085 tantur
267 2039 306 2082 ea
332 2040 415 2102 quae
441 2041 565 2084 summa
593 2017 705 2083 tellure
731 2017 886 2104 gandent,
912 2030 1076 2102 tamqnam
1101 2016 1260 2095 fraxinus,

134 2119 223 2194 olea;
245 2118 325 2184 haec
346 2129 379 2183 et
400 2119 517 2184 similia
538 2129 712 2203 quaternos
733 2119 834 2205 pedes
848 2130 975 2205 oportet
989 2118 1123 2196 demitti,
1145 2119 1260 2184 ceteris

135 2229 185 2284 sat
196 2227 255 2295 est,
268 2219 296 2284 si
307 2218 486 2285 altitudinis
497 2220 597 2305 pedes
609 2230 716 2285 ternos
728 2220 901 2286 effecerint.
924 2219 1072 2298 „Excide
1083 2220 1260 2297 radieem'',
1272 2237 1306 2282 sa

134 2318 251 2403 inquit,
267 2319 420 2399 „istam'’,
440 2321 593 2406 Papirius
606 2316 731 2386 Cursor
740 2320 919 2406 inperat0r3
942 2320 985 2385 ad
995 2332 1149 2387 terrorem
1157 2320 1261 2387 Prae·

134 2420 333 2486 nestinorum
354 2422 512 2507 praetoris
534 2421 693 2509 destringi
719 2422 841 2488 securis
867 2423 971 2488 iussit.
1007 2421 1071 2488 Est
1090 2419 1283 2487 innoxium'

136 2595 159 2642 d.
183 2592 302 2644 Ceterum
314 2593 341 2642 in
352 2594 433 2643 verbis
441 2591 586 2659 praefodere
593 2634 623 2645 ..
626 2593 697 2658 priua
708 2608 802 2658 magna
813 2603 852 2645 est
863 2596 1019 2660 corruptela3
1031 2610 1092 2644 nam
1104 2596 1180 2644 verba
1192 2600 1260 2643 mato

132 2658 203 2724 priua
223 2674 277 2712 non
297 2661 463 2724 habentque
483 2661 636 2723 reserantur,
662 2676 721 2711 cum
741 2663 873 2726 sequentia
892 2660 1156 2713 daec-obducantur
1175 2675 1260 2724 neque

135 2728 300 2791 grammatice
310 2743 393 2792 neque
409 2743 437 2778 re
452 2729 508 2792 ipsa
519 2732 552 2780 ad
563 2745 594 2779 ea
605 2730 742 2793 quadrent3
760 2737 816 2780 turn
830 2745 890 2780 vero
903 2739 1020 2780 acervata
1030 2730 1172 2793 occupandi
1183 2737 1210 2778 et
1220 2728 1259 2781 ie·

136 2791 246 2845 stiirandi
257 2796 338 2857 notio,
354 2797 437 2859 qualis
454 2804 538 2846 exstat
549 2797 576 2845 in
584 2794 826 2861 praefodere-onte
832 2796 943 2860 ..priua
959 2796 1039 2846 nimia
1055 2804 1081 2845 et
1096 2797 1171 2845 nimis
1184 2797 1259 2846 abso·

135 2865 189 2914 late
201 2865 269 2913 dicta
280 2871 326 2913 est.

169 2933 238 2994 §⁸⁰-
263 2929 401 2995 maenae
420 2971 451 2979 ..
475 2946 563 2979 onnam
567 2929 629 2993 fieri
637 2931 707 2991 iubet,
719 2947 740 2981 r.
757 2968 791 2981 ..
812 2927 909 2991 idom.
920 2946 940 2979 r.
960 2969 992 2979 ..
1015 2927 1148 2993 lorpitm
1167 2928 1258 2981 Onitt

136 2999 190 3050 Td.
209 3038 241 3046 -
259 2994 354 3059 medice,
366 3013 389 3046 a.
408 2995 497 3058 mediis,
510 2999 563 3048 Td.
582 2996 665 3059 medio,
676 2994 728 3062 βγ.
751 3038 777 3046 -
799 2995 869 3044 Mum
880 2995 1017 3057 cubitorum,
1029 3004 1051 3044 et
1063 2994 1161 3044 duorum
1170 2992 1259 3059 pedam

137 3062 600 3130 aamemme‚1>eav.ap.,erot.
623 3106 654 3116 ..
678 3064 770 3129 mensi,
785 3065 866 3115 Hard.
889 3063 991 3128 pruinis,
1008 3065 1090 3114 TKa.
1114 3063 1215 3126 pramis,
1233 3065 1258 3114 d.

133 3127 268 3195 praaiass.
287 3133 321 3181 V.
334 3131 470 3183 Columell.
484 3133 533 3182 ΠΙ.
547 3140 586 3194 13,
599 3140 622 3184 8.
646 3173 678 3183 ..
704 3132 878 3193 comantaK.
901 3172 933 3181 ..
957 3130 1168 3195 wapreeaiores,a.
1195 3146 1258 3179 cors·

133 3198 260 3264 proaem,
272 3201 288 3249 d
292 3194 315 3261 β
318 3213 343 3263 7.
362 3241 393 3250 ..
411 3198 506 3249 Eodem
517 3217 639 3263 mensurna
650 3201 718 3251 Plin
729 3201 829 3250 ridetur
843 3196 938 3248 Eodem
955 3199 985 3247 s'a
996 3214 1106 3249 meamea
1121 3199 1258 3262 scripsisse.

138 3307 170 3316 -
187 3282 361 3330 nonunquam,
372 3269 440 3318 Pint.
457 3270 528 3319 Ata.
540 3269 661 3334 Xenoph.
673 3282 761 3318 oecon.
775 3274 814 3328 19,
827 3275 860 3330 3.,
872 3268 1015 3318 undePlin.
1025 3268 1089 3317 haec
1099 3267 1214 3329 sumpsit.
1225 3305 1258 3316 ..
1312 3310 1317 3319 .

136 3332 313 3399 semisquipede,
330 3338 354 3386 d.
380 3334 580 3400 semisquipedern,
597 3352 620 3387 a
646 3333 790 3400 aequepede,
805 3331 857 3400 βγ.
885 3376 917 3386 -
948 3333 1056 3400 quamvis
1073 3340 1099 3384 et
1110 3332 1259 3397 peremisset,

136 3403 226 3453 Doleo
245 3440 278 3453 ..
296 3418 381 3465 oquae,
393 3405 418 3454 d.
436 3419 532 3467 queque,
545 3421 568 3454 a.

171 3472 186 3533 ξ
199 3474 240 3520 81.
270 3466 329 3518 Ceto
342 3472 411 3521 dere
422 3480 482 3522 rust.
496 3476 537 3521 43.
557 3511 586 3519 -
605 3469 694 3533 salcos3
705 3471 773 3522 hanc
783 3486 874 3521 vocem
885 3486 933 3534 ego
945 3470 1039 3520 inserui
1050 3484 1083 3519 ex
1093 3468 1202 3529 Catone,
1213 3482 1258 3518 ne-

137 3539 271 3588 cessariam
287 3546 390 3601 propter
407 3553 514 3603 sequens
530 3553 673 3602 pronomen
689 3554 740 3600 eos3
757 3539 853 3588 excidit
867 3554 913 3602 per
923 3539 1078 3587 vicinitatem
1090 3537 1226 3586 verborum
1236 3535 1261 3584 si

137 3603 207 3655 locas.
226 3605 314 3656 Omitt.
327 3600 421 3670 acer,
433 3621 514 3669 eaque
526 3608 558 3656 de
569 3621 646 3657 censa
656 3607 800 3657 Pontedera
811 3606 938 3669 antiquitt.
950 3620 975 3668 p.
987 3610 1026 3654 55.
1045 3601 1259 3665 lotas-imosque

137 3671 184 3734 (sc.
197 3670 311 3733 scrobes)
324 3674 440 3723 coniecit.
450 3715 481 3723 ..
500 3673 540 3735 ait,
552 3677 598 3725 ad.
614 3673 654 3734 eit,
667 3672 752 3736 inquit,
764 3668 815 3737 βγ.
834 3712 866 3723 ..
884 3671 953 3732 lotos‚
966 3673 1040 3721 codd.
1053 3669 1110 3721 Gel.
1128 3668 1198 3729 latas,
1210 3671 1258 3721 ad.

138 3780 170 3789 ..
188 3739 293 3803 imaque,
306 3753 329 3790 a.
348 3780 379 3789 -
403 3739 492 3802 licea.
514 3757 563 3801 soe,
575 3737 648 3804 dssr.
668 3780 700 3790 ..
722 3737 1131 3796 inas-eataeae,celes1’int
1150 3777 1181 3786 ..
1201 3735 1258 3786 eta'.

139 3805 248 3869 rudiam,
260 3809 293 3858 K.
311 3806 443 3868 altitudine,
456 3801 522 3859 θεῖ.
534 3807 674 3868 altitudinis,
683 3809 708 3856 d.
720 3849 752 3858 ..
764 3804 919 3870 sesquipedis,
929 3805 1046 3856 Sehneid.
1055 3807 1088 3854 ad
1097 3804 1154 3855 Cat.
1164 3820 1188 3868 p.
1201 3809 1258 3856 112.

136 3874 268 3938 semipede,
279 3876 312 3925 K.
329 3873 452 3939 semipede,
468 3869 556 3926 Oadr.
573 3872 719 3939 saaipedess,
730 3869 782 3939 βγ.
795 3914 827 3924 ..
846 3871 964 3931 tradatur,
977 3875 1021 3923 ad.
1040 3912 1071 3922 ..
1090 3869 1258 3934 adiciendam,

137 3959 159 3992 a
177 3941 335 4003 adiumenta,
348 3946 371 3993 d.
390 3984 421 3994 ..
440 3944 588 4007 caponad.
605 3957 724 4006 aquos,a
745 3982 777 3991 ..
794 3946 908 4004 oporteat,
922 3941 945 3990 d.
965 3981 995 3990 ..
1020 3939 1114 4001 dimitti,
1126 3957 1150 3993 a.
1169 3980 1201 3991 ..
1218 3947 1259 3991 sot

138 4017 179 4070 eet,
190 4011 220 4072 si,
232 4011 313 4062 omitt.
325 4013 371 4061 ad
391 4051 422 4061 ..
441 4010 521 4072 umis,
533 4027 556 4061 a.
574 4009 643 4071 terni,
656 4012 679 4059 d.

171 4079 239 4140 §82
268 4075 362 4127 Eacids
372 4118 404 4129 ..
412 4077 540 4143 postera,
560 4086 589 4128 ut
608 4075 773 4140 suppositicia
792 4075 915 4125 damnem
934 4075 1001 4125 Pint.
1022 4084 1048 4126 et
1066 4076 1137 4140 Lips.
1159 4085 1257 4140 quaest.

138 4145 211 4207 epist.
224 4152 248 4205 2,
260 4151 293 4207 3.,
304 4160 387 4209 nequo
398 4147 485 4210 negari
496 4153 589 4211 potest,
606 4160 660 4195 non
670 4157 799 4207 apparere,
817 4142 878 4206 quid
889 4143 1004 4194 Plinium
1015 4144 1047 4194 ad
1059 4144 1126 4195 hanc
1139 4144 1258 4195 historio·

138 4213 190 4261 lam
202 4213 252 4262 hoo
263 4215 320 4264 loco
329 4215 480 4265 narrandam
488 4214 624 4278 impulerit
642 4213 754 4264 Tantum
764 4218 849 4261 tamen
858 4212 937 4272 abest,
950 4221 978 4262 ut
986 4220 1119 4276 propterea
1128 4213 1173 4262 illa
1181 4213 1258 4263 verbe
