2896 4792
438 292 595 337 ursuni.
626 290 704 337 car.
722 291 754 336 v,
770 291 817 336 vr.
850 288 946 336 anor.
963 291 1044 332 aa.
1235 274 1298 337 261·

177 445 331 521 Taurioa3
362 453 436 527 post
463 441 520 506 hos
548 442 581 505 iu
601 440 716 505 Africa
743 439 807 504 nati
834 462 982 504 maxume
1004 439 1190 517 laudantur,
1221 461 1296 505 mox

176 543 287 630 Apuli.
312 541 443 608 Genera
466 540 586 607 Graeci
608 541 689 606 haec
712 541 835 607 fecere:
859 540 1023 618 bulbinen,
1046 540 1201 619 setanion,
1224 540 1295 626 opi·

177 647 281 722 tione,
304 644 411 729 cyica,
432 644 595 720 leuamen,
617 643 766 731 aegilipa,
790 641 1020 726 sisyrinchiou3
1043 643 1078 706 in
1099 643 1159 708 hoc
1181 642 1297 713 mirum

176 747 260 810 imas
285 746 355 810 eius
376 745 501 810 radices
522 766 667 811 crescere
688 744 804 821 hieme,
828 767 927 809 verno
947 753 1067 823 autem,
1100 766 1174 809 cum
1195 744 1295 829 adpa-

177 847 277 912 ruerit
302 845 402 924 viola,
431 846 533 910 minui
563 868 601 911 ac
628 844 785 924 contrahi,
821 856 897 910 tunc
925 845 1041 910 deinde
1068 843 1201 911 bulbum
1222 843 1295 930 pin-

176 969 341 1033 guescere.
364 946 426 1011 Est
446 945 531 1012 inter
552 969 671 1035 genera
693 958 725 1011 et
745 946 833 1030 quod
854 947 888 1011 in
899 948 1054 1033 Aegypto
1076 969 1156 1012 aron
1170 954 1341 1023 vocantes

175 1047 283 1113 scillae
315 1069 507 1132 proxumum
535 1048 764 1134 amplitudine,
796 1048 883 1113 foliis
910 1047 1050 1134 lapathi,
1085 1047 1176 1114 caule
1207 1056 1297 1113 recto

175 1148 274 1214 duum
296 1149 497 1227 cubitorum,
519 1149 626 1215 baculi
648 1149 875 1228 crassitudine,
897 1149 1006 1214 radice
1027 1148 1179 1215 mollioris
1203 1158 1295 1213 ratu·

174 1272 246 1327 rae,
272 1271 355 1334 quae
383 1261 472 1315 estur
500 1259 533 1314 et
560 1249 669 1315 cruda
705 1249 912 1315 Effodiuntur
938 1249 1030 1316 bulbi
1056 1261 1130 1316 ante
1157 1271 1214 1315 ver
1240 1258 1297 1314 ant

175 1348 349 1415 deteriores
370 1350 455 1416 illico
476 1351 567 1429 fiunt,
583 1404 620 1414 ..
636 1350 766 1435 signum
788 1351 981 1416 maturitatis
996 1351 1073 1416 folia
1085 1350 1297 1417 inarescentia

173 1450 214 1515 ab
228 1451 304 1528 imo,
315 1504 357 1516 ..
373 1451 564 1515 vetustiores
578 1450 800 1535 inprobantur,
811 1449 889 1515 item
903 1450 1042 1537 longiae
1055 1451 1165 1536 parvi;
1186 1460 1297 1517 contra
1309 1467 1341 1513 97

175 1551 363 1617 rubicundis
384 1550 688 1635 rotundioribusque
709 1551 780 1616 laus
799 1562 832 1615 et
846 1551 1079 1637 grandissimis.
1102 1551 1301 1639 Amaritudo,
1418 1540 1422 1551 ’

173 1652 334 1738 plerisque
363 1653 395 1716 in
424 1652 544 1717 vertice
572 1663 636 1729 est,
665 1652 770 1717 media
798 1674 908 1716 eorum
937 1652 1051 1717 dulcia.
1088 1651 1213 1720 Bulbos
1231 1674 1295 1719 non

172 1753 263 1817 nasci
283 1753 346 1817 nisi
369 1775 388 1818 e
409 1753 531 1818 semine
551 1753 677 1839 priores
699 1753 911 1832 tradiderunt,
940 1754 1052 1818 sedin
1074 1753 1295 1820 Praenestinis

174 1852 294 1938 eampis
322 1864 439 1938 sponte
464 1865 640 1920 nascuntur
666 1876 704 1920 ac
734 1855 801 1919 siue
828 1854 922 1920 modo
950 1854 1046 1920 etiam
1066 1854 1101 1920 in
1122 1854 1295 1921 Remorum

173 1953 272 2020 arvis.-
501 2025 505 2034 ¹

214 2053 275 2118 VI.
299 2055 350 2121 31.
386 2055 570 2121 Hortensiis
597 2055 744 2122 omuibus
767 2057 835 2123 fere
858 2057 1004 2146 singulae
1027 2058 1161 2136 radices,
1184 2067 1220 2124 ut
1240 2080 1292 2123 ra-
1308 2072 1339 2119 aa

171 2154 291 2240 phano,
315 2155 418 2235 betae,
447 2158 536 2242 apio,
569 2157 712 2236 malvae,
745 2159 943 2242 amplissima
965 2170 1070 2225 autem
1092 2159 1235 2245 lapatho,
1258 2169 1294 2226 ut

171 2276 254 2338 quae
276 2256 449 2323 descendat
471 2259 513 2323 ad
536 2258 596 2322 tria
617 2258 725 2324 cubita
732 2283 741 2334 3
765 2259 905 2325 silvestri
926 2260 1030 2326 minor
1051 2272 1084 2327 et
1105 2259 1223 2337 umida,
1245 2260 1292 2324 ef-

172 2356 260 2420 fossa
279 2378 409 2442 quoque
431 2359 487 2423 diu
503 2358 590 2424 ¹vivit
596 2385 605 2437 3
628 2360 823 2443 quibusdam
837 2372 945 2426 tamen
960 2362 1139 2448 capillatae,
1155 2371 1192 2424 ut
1206 2361 1291 2446 apic,

172 2456 311 2535 malvae,
334 2458 526 2541 quibusdam
554 2460 751 2540 surculosae,
779 2473 815 2527 ut
837 2462 956 2541 ocimo,
979 2462 1050 2527 aliis
1072 2484 1233 2539 carnosae,
1256 2471 1293 2527 ut

171 2556 267 2621 betae
288 2570 344 2624 aut
364 2560 470 2644 magis
492 2561 666 2626 etiamnum
689 2585 799 2641 croco;
822 2564 939 2647 aliquis
960 2586 1001 2629 ex
1016 2563 1134 2629 cortice
1151 2573 1183 2628 et
1197 2583 1292 2628 carne

171 2670 331 2738 constant,
351 2670 388 2726 ut
409 2662 564 2748 raphano,
585 2663 684 2749 rapis,
702 2665 903 2749 quorundam
922 2665 1125 2752 geniculatae
1148 2675 1235 2742 sunt,
1255 2673 1292 2729 ut

172 2873 202 2881 ..
221 2832 335 2897 aeqilipa,
346 2835 383 2884 ita
393 2851 441 2884 nos
452 2835 597 2898 scripsimus
610 2852 643 2886 ex
655 2838 768 2901 vestigiis
780 2839 903 2890 codicum.
921 2829 1094 2908 aeqysssssippa,
1106 2854 1129 2889 a.
1148 2835 1290 2903 aeyylipus,

170 2916 192 2948 o.
219 2898 337 2964 eyilipus,
350 2903 375 2951 d.
400 2898 580 2967 aeqr‘lopa,ssr.
606 2905 660 2956 Neo
675 2905 779 2969 vulgata
794 2921 841 2956 nec
858 2908 958 2958 anobis
970 2908 1085 2959 restituta
1097 2906 1178 2957 forma
1189 2906 1290 2956 aliunde

170 2975 239 3017 nota
262 3010 294 3018 ..
316 2968 469 3034 armelausa,
488 2972 551 3021 acd.
573 2973 608 3023 V·
620 2973 766 3024 Schneider.
777 2975 829 3024 iud.
842 2975 975 3039 Theophr.
987 2977 1019 3026 T.
1032 2977 1065 3025 V.
1077 2991 1101 3039 p.
1116 2981 1172 3024 502.
1185 2990 1204 3024 s.
1216 2989 1240 3023 a.
1251 2987 1289 3021 or·

169 3032 315 3100 συριγχίον.
327 3077 357 3085 .-
370 3036 446 3085 minui
452 3054 490 3099 ao,
499 3039 535 3088 ita
543 3055 591 3090 nos
600 3042 754 3105 scripsimus.
773 3041 919 3102 minothea,
929 3058 950 3092 c.
969 3043 1045 3092 miuus
1055 3051 1080 3090 ut
1089 3041 1140 3103 leuc,
1151 3057 1173 3091 a.
1192 3039 1289 3100 atinate,

170 3104 193 3150 d.
212 3102 286 3151 minui
295 3111 325 3164 et,
334 3100 385 3167 βγ.
403 3106 444 3154 De
455 3122 485 3153 uc
495 3107 593 3157 litterae
604 3124 617 3156 c
628 3110 766 3172 praemissa
777 3125 801 3158 v.
810 3112 843 3159 ad
855 3116 896 3170 32,
909 3115 949 3161 24.
962 3152 993 3160 ..
1014 3118 1075 3171 tunc,
1088 3113 1153 3160 aed.
1173 3117 1227 3170 turn,
1238 3103 1289 3174 βγ.

203 3191 272 3251 §aa
299 3193 360 3270 iuter
371 3193 429 3242 haee
439 3211 536 3258 uenere,
548 3198 581 3247 K.
611 3238 637 3246 ..
667 3207 739 3260 estur,
759 3193 787 3249 θ.
814 3208 900 3262 eretur,
916 3202 962 3250 D'.
990 3200 1075 3263 editur,
1091 3203 1138 3251 D².
1165 3199 1289 3262 edetur,a.

169 3264 244 3319 satur,
257 3275 278 3308 c.
295 3267 390 3320 rentur,
403 3263 427 3310 d.
445 3260 538 3322 edum,
549 3259 600 3327 β’γ.
619 3305 649 3313 -
669 3263 812 3324 Fodiaatar,
823 3267 920 3331 Appul.
932 3282 957 3330 p.
969 3273 1027 3319 278.
1046 3309 1077 3317 -
1088 3271 1162 3332 fluat,
1175 3272 1191 3320 d
1203 3268 1289 3332 (codd.

170 3325 236 3386 Goh,
248 3324 359 3389 Appula)
368 3325 460 3390 fidunt,
472 3343 493 3377 o.
504 3327 612 3390 findunt,
624 3347 648 3380 a.
658 3330 727 3392 flunt
737 3330 901 3394 sifiuduntua
913 3350 932 3382 r.
943 3334 1013 3396 fiant
1023 3334 1186 3398 etfiuduutur,
1198 3337 1287 3388 Daleo.

171 3433 201 3440 -
220 3393 404 3471 magnaurae„
421 3394 618 3457 mutuaturum,
628 3392 822 3463 Bcd(Appul.)
836 3439 867 3448 ..
885 3399 1208 3466 ἰκανεεεεηιία,α(Αρριι1.)
1225 3420 1289 3454 mor-
1377 3425 1380 3434 ·

169 3467 290 3519 cercenna,
302 3462 335 3511 Κ.
354 3460 513 3524 increscentis,
526 3464 549 3512 d.
568 3462 731 3525 increscentes,
744 3479 765 3514 e.

202 3555 270 3616 597.
297 3553 486 3617 vetustioresque,
499 3555 530 3605 Τ.
545 3596 575 3605 ..
595 3555 759 3620 inprobantur,
770 3557 867 3623 Appnl.
886 3557 1027 3622 improbant,
1040 3556 1151 3624 aodssy.
1171 3603 1202 3610 ..
1222 3558 1289 3627 lotape

168 3621 286 3683 cepam,
302 3621 398 3687 Appul.
426 3620 508 3688 longos
518 3639 654 3686 aspernor,
670 3625 703 3674 D.
731 3622 812 3688 lonqos
823 3633 846 3673 et
855 3641 952 3688 paruos,
969 3643 1012 3677 ac.
1039 3625 1247 3693 lonyosepurus's,
1263 3631 1287 3680 d.

167 3701 255 3746 parum
266 3696 288 3735 et
300 3687 388 3752 leupus,
399 3684 450 3753 βγ.
475 3731 506 3739 ..
533 3689 903 3754 submurmurantem.
930 3690 987 3743 Nou
998 3695 1288 3826 mmm'ffl,

170 3791 200 3799 ..
219 3754 335 3816 eramiae,
351 3748 424 3805 Sed.
450 3757 685 3823 atraminaAppul.
713 3759 846 3819 exsemine,
857 3755 889 3822 β
910 3778 958 3811 ese
969 3761 1069 3824 minime,
1082 3779 1104 3814 c.
1128 3805 1158 3814 ..
1183 3771 1206 3812 tr

168 3817 264 3882 Appul.
283 3861 313 3870 ..
336 3819 380 3869 sed
390 3822 593 3889 in‚T(Appul.)
615 3824 692 3876 sedin
704 3826 737 3889 iu,
748 3830 773 3877 d.
794 3826 914 3889 sedatio,
929 3823 1020 3894 Oacy.
1042 3826 1166 3893 sedetss.
1191 3872 1220 3882 ..
1243 3847 1287 3880 aa·

168 3893 271 3946 ematur,
284 3902 334 3937 om.
347 3902 368 3936 c.
388 3928 419 3938 ..
437 3891 511 3954 cyris,
524 3892 621 3957 Appuh

202 3970 217 4030 ς
230 3973 270 4019 98.
296 3969 462 4047 Hortensius,
474 3976 521 4025 Tr.
539 3977 612 4026 Haec
623 3985 725 4041 sumpta
736 3986 795 4030 sunt
807 3993 840 4029 cx
853 3980 983 4045 Theophr.
996 3982 1055 4032 hist.
1067 3983 1145 4046 plant.
1155 3982 1176 4031 L
1187 3985 1210 4042 6,
1221 3988 1244 4032 6.
1256 4022 1287 4032 -

162 4034 227 4096 sm,
241 4037 265 4084 d·
279 4036 443 4113 ...stapulas
456 4042 480 4090 d.
494 4080 525 4091 ..
544 4041 1043 4110 lapatho,rueophr.1.1.v11.a,r.-
1062 4049 1137 4098 minor
1148 4056 1171 4097 et
1183 4047 1287 4110 tumida

169 4101 263 4155 Tacd.
291 4117 367 4151 minor
377 4103 482 4168 humida
497 4110 531 4159 Κ.
558 4110 657 4160 minores
670 4112 781 4176 amidae,
798 4110 827 4176 β.
855 4156 886 4165 -
914 4116 1052 4181 cutmcyis,
1069 4132 1092 4167 a.
1118 4124 1144 4165 ut
1160 4116 1246 4182 mauis,
1262 4119 1286 4168 d.

169 4168 252 4262 mauu,
265 4186 286 4220 c.
305 4211 336 4220 ..
356 4171 497 4236 ademauro,
509 4191 531 4226 a.
551 4215 582 4226 ..
600 4176 697 4242 aliquis,
709 4183 752 4232 cd.
770 4180 897 4246 aliquibus,
909 4178 978 4247 ειβγ.
994 4224 1024 4234 ..
1043 4199 1114 4233 curae
1125 4192 1149 4234 et
1159 4185 1286 4248 cerami.
