2896 4792
325 305 395 352 um.
410 304 498 351 xvn.
527 304 606 350 oar.
621 302 725 349 xxm.
742 300 842 347 xxiv.
871 297 969 346 auor.
984 299 1068 343 um.
1193 278 1255 344 123

178 453 312 521 XXIV.
334 456 386 520 36.
422 452 490 520 Viti
512 452 705 519 adminicula
726 450 873 516 addenda
891 470 974 534 quae
990 449 1124 515 scandat
1138 448 1254 533 adpre·
1268 464 1317 510 als

136 557 246 635 hensa,
276 556 304 621 si
330 556 450 621 maiora
478 555 552 621 sint.
588 554 714 619 Vitium
739 574 967 640 generosarum
988 550 1140 636 pergulas
1160 549 1255 633 quin·

136 656 302 740 quatribus
329 656 491 740 putandas
518 666 561 734 et,
592 676 730 738 quarum
758 674 885 718 servare
912 674 992 717 uvas
1013 651 1121 728 libeat,
1144 650 1255 715 deere-

136 767 245 823 soente
266 756 512 834 lunatradunt,
535 777 618 839 quae
640 777 716 821 vero
735 752 906 819 interlunio
921 752 984 816 sint
999 762 1138 837 putatae,
1160 751 1257 815 nullis

137 857 321 924 animalium
342 856 499 923 obnoxias
520 879 601 922 esse.
624 854 699 920 Alia
721 854 846 919 ratione
867 854 961 938 plena
983 853 1058 918 luna
1072 862 1169 917 nootu
1184 862 1262 915 ton·.

136 958 272 1034 dandas,
306 979 379 1023 eum
407 958 450 1023 sit
478 979 516 1022 ea
543 956 576 1021 in
601 956 705 1031 leone,
735 953 914 1038 scorpione,
949 953 1125 1038 sagittario,
1155 961 1256 1027 tauro,

137 1070 233 1142 atque
253 1057 289 1121 in
311 1067 414 1121 totum
436 1056 587 1122 serendas
608 1057 702 1142 plena
723 1069 788 1124 aut¹
801 1064 964 1118 crescente
985 1055 1097 1137 utique
1117 1062 1257 1118 eeusent.

139 1157 316 1225 Suffioiunt
328 1157 362 1222 in
376 1157 472 1222 Italia
487 1157 625 1222 cultores
647 1157 723 1222 deni
743 1156 777 1220 in
800 1166 936 1221 centena
955 1155 1069 1241 iugera
1082 1155 1257 1219 vinearum.

179 1261 231 1353 dl.
259 1257 305 1322 Et
324 1259 452 1323 abunde
479 1269 552 1322 satu
579 1258 731 1341 cultuque
758 1256 908 1322 arborum
934 1266 1080 1334 tractato,
1107 1253 1257 1339 quoniam
1271 1270 1320 1316 ars

138 1359 178 1425 ds
199 1359 314 1444 palmis
330 1370 361 1424 et
381 1359 486 1443 cytiso
507 1359 542 1423 in
563 1359 742 1444 peregrinis
763 1358 931 1423 arboribus
952 1357 1085 1421 adfatim
1108 1355 1258 1430 diximus,

137 1481 179 1525 ne
200 1459 278 1543 quid
299 1459 393 1537 desit,
415 1458 587 1524 indicanda
608 1460 731 1542 reliqua
745 1469 859 1523 natura
876 1471 925 1523 est
939 1480 1056 1543 magno
1070 1478 1169 1542 opere
1183 1476 1258 1541 per·

138 1561 243 1625 tineus
264 1559 306 1624 ad
319 1560 425 1626 omnia
439 1583 486 1625 ea
508 1560 707 1625 infestantur
725 1580 863 1642 namque
884 1571 917 1624 et
938 1558 1068 1623 arbores
1083 1556 1202 1622 morbis
1218 1606 1259 1618 ...

138 1659 216 1742 quid
238 1659 322 1724 enim
343 1659 490 1747 genitum
512 1670 599 1726 earet
611 1660 662 1725 his
676 1660 789 1724 malis?
802 1712 841 1724 ..
858 1672 891 1725 et
912 1659 1105 1724 silvestrium
1126 1655 1258 1741 quidem

137 1759 335 1845 perniciosos
355 1772 475 1847 negant
496 1784 568 1827 esse
590 1762 766 1845 vexarique
794 1773 918 1825 tantum
945 1760 1102 1846 grandine
1127 1759 1161 1822 in
1182 1778 1258 1843 ger·
1301 1760 1305 1769 '

138 1859 311 1925 minatione
332 1873 389 1926 aut
409 1861 505 1940 flore,
528 1863 621 1927 aduri
636 1884 764 1946 quoque
778 1863 903 1926 fervore
922 1872 979 1926 aut
999 1860 1078 1924 flatu
1092 1858 1259 1944 frigidiore

137 1972 347 2046 praepostero
372 1962 440 2040 die,
466 1985 659 2047 quamquam
687 1984 745 2027 suo
771 1963 893 2050 frigora
921 1962 1018 2027 etiam
1046 1970 1194 2047 prosunt,
1224 1968 1261 2023 ut

139 2060 292 2127 diximus.
329 2061 419 2144 Quid
445 2066 544 2152 ergo?
571 2085 635 2127 non
663 2073 696 2128 et
723 2063 805 2128 vites
832 2064 942 2150 algore
969 2063 1150 2128 intereunt?
1186 2060 1322 2125 Hooals

136 2161 268 2246 quidem
283 2174 333 2228 est
346 2186 411 2248 quo
426 2165 683 2250 deprehendatur
697 2165 757 2230 soli
772 2165 896 2241 vitium,
913 2165 1063 2248 quoniam
1077 2186 1140 2230 non
1155 2162 1263 2228 evenit

138 2263 200 2327 nisi
220 2263 254 2327 in
275 2264 401 2352 frigido.
438 2265 549 2349 Itaque
571 2288 630 2351 per
651 2266 772 2331 hiemes
799 2265 880 2331 caeli
908 2266 1049 2354 rigorem
1076 2264 1261 2351 probamus,

139 2385 205 2428 non
232 2365 300 2429 soli.
336 2365 405 2431 Nee
431 2366 663 2432 infirmissimae
696 2367 828 2432 arbores
854 2366 928 2454 gelu
956 2367 1178 2453 periclitantur
1204 2363 1263 2429 sed

139 2487 317 2546 maxumae,
333 2468 520 2557 vexatisque
534 2468 580 2531 ita
596 2469 761 2533 eacumina
776 2469 880 2554 prima
895 2469 1089 2544 inarescunt,
1112 2466 1263 2550 quoniam

139 2567 350 2650 praestrictus
371 2590 438 2634 non
458 2570 563 2654 potuit
579 2591 617 2634 eo
631 2569 802 2654 pervenire
820 2590 922 2633 umor.
944 2567 1108 2632 Arborum
1129 2565 1261 2649 quidam
1275 2575 1323 2621 218

139 2687 314 2731 oonmunes
335 2667 448 2746 morbi,
470 2669 602 2752 quidam
625 2669 741 2753 privati
758 2689 919 2752 generum.
944 2665 1121 2732 Conmunis
1143 2664 1260 2728 vermi·

139 2766 258 2831 eulatio
279 2778 339 2845 est,
362 2767 513 2833 sideratio
535 2790 573 2834 ao
595 2768 685 2833 dolor
698 2767 925 2845 membrorum,
948 2768 1034 2831 unde
1048 2767 1186 2852 partium
1201 2764 1260 2828 de-

139 2864 263 2943 bilitas,
294 2869 447 2935 sooietate
479 2869 643 2934 nominum
674 2890 802 2952 quoque
834 2891 908 2932 eum
939 2867 1077 2933 hominis
1105 2865 1260 2941 miseriis3

141 2978 256 3033 manea
282 2968 420 3034 dicimus
453 2982 538 3035 eerte
566 2992 702 3056 eorpora
727 2980 760 3034 et
787 2970 896 3035 oeulos
922 2969 1102 3057 germinum
1128 2977 1261 3032 exustos

140 3088 178 3132 ac
200 3069 299 3133 multa
322 3069 416 3134 simili
440 3081 534 3134 sorte.
571 3070 684 3154 Itaque
711 3070 858 3135 laborant
880 3082 912 3135 et
933 3072 1016 3135 fame
1038 3083 1069 3135 et
1091 3068 1260 3146 cruditate,
1274 3078 1323 3123 21⁹

139 3190 221 3252 quae
247 3168 329 3233 fiunt
354 3172 475 3235 umoris
500 3172 689 3255 quantitate,
718 3171 844 3255 aliquae
866 3192 942 3238 vero
971 3182 1003 3236 et
1031 3169 1197 3248 obesitate,
1225 3178 1262 3233 ut

138 3372 381 3424 simoioretarbores
391 3376 447 3437 aiat,
461 3378 547 3428 Delec.
569 3418 598 3427 ..
615 3377 736 3443 perpulsa,
749 3381 772 3428 (l.
793 3395 839 3442 per
850 3378 964 3443 sinpalas,
976 3395 999 3427 a.
1019 3419 1050 3427 ..
1074 3378 1260 3443 quinquatribus,

138 3456 161 3490 a.
182 3480 212 3490 ..
230 3442 285 3500 mitt,
298 3444 321 3491 d.
339 3443 362 3491 si
371 3444 425 3503 rint,
438 3460 460 3493 a
481 3486 511 3494 ..
529 3443 693 3509 serendssque,
706 3450 750 3496 ad.
770 3487 800 3494 -
820 3454 853 3506 ut,
866 3449 912 3495 ad.
932 3486 963 3495 ,.
981 3453 1058 3508 atque,
1072 3449 1115 3496 ad.

173 3506 257 3567 5216.
283 3507 326 3567 Et,
338 3514 383 3562 ad.
409 3506 513 3575 Aqssr.
534 3553 563 3561 -
589 3512 785 3575 ραὶηιιζι111,26.
811 3554 842 3562 ..
864 3521 893 3573 et,
906 3515 939 3563 D.
966 3508 1109 3578 aqadssr.
1133 3555 1163 3563 ..
1188 3513 1261 3578 cyme

140 3581 180 3635 1³,
196 3581 244 3626 1³0
256 3591 326 3639 seqq.
346 3620 376 3627 -
404 3580 528 3638 est,Brot.
555 3580 592 3638 eil,
606 3576 676 3640 adst.
697 3581 754 3631 Om.
767 3596 787 3629 r.
812 3622 842 3628 -
866 3596 952 3645 mopno
964 3596 1039 3643 opere,
1051 3582 1084 3631 D.
1112 3595 1260 3645 mapaopere,

138 3637 231 3720 adl-373
245 3684 276 3720 .··.
290 3642 439 3707 Infestantur
448 3647 505 3707 rel.;
518 3649 626 3711 sumpsit
634 3648 698 3696 haee
706 3649 774 3697 Pliu.
785 3663 818 3696 ex
826 3648 958 3710 Theopbr.
968 3648 1026 3698 hist.
1035 3650 1116 3712 plant.
1126 3648 1173 3697 1v.
1186 3654 1224 3706 14,
1238 3652 1259 3695 1.

139 3749 169 3756 -
181 3708 321 3773 frsqedrore,
335 3713 439 3762 Barbsr.
455 3712 597 3776 smilion,
610 3718 655 3764 ad.
675 3757 704 3764 ..
730 3731 881 3777 quamquam,
894 3716 1153 3779 itauosseripsimus.
1181 3728 1260 3776 quam,

136 3775 381 3892 ssd'ffiwmffr'
401 3821 432 3828 ..
443 3780 548 3844 fripore,
561 3785 597 3830 α’).
618 3823 648 3830 -
665 3789 771 3845 prosum,
784 3784 821 3830 ad
833 3779 920 3844 (codd.
933 3782 1060 3845 Barbari).
1084 3784 1173 3841 obsunt,
1185 3781 1259 3832 codd.

163 3858 179 3891 a
210 3879 216 3891 .
235 3885 266 3894 -
330 3862 388 3893 rmus
430 3855 468 3899 ltl.

172 3913 257 3974 5217.
284 3921 371 3970 bonet,
390 3849 459 3964 jad.
486 3923 602 3967 nonneet.
618 3911 647 3977 β.
676 3957 706 3964 -
733 3916 879 3979 eolivitium,
896 3921 920 3968 d.
948 3916 982 3966 oli
992 3917 1117 3976 m'tiunque
1145 3956 1174 3963 ..
1202 3913 1260 3974 Non

137 3984 216 4026 autem
228 3977 294 4027 soloe
305 3979 587 4041 iafirmsieimaeAEalec.
608 4024 637 4032 -
661 3982 728 4047 pelis,
741 4002 763 4034 ιι.
782 4027 812 4034 -
834 3985 997 4048 praestrictam,
1010 3977 1069 4033 OD.
1095 3980 1260 4044 praestrictos,

137 4045 212 4095 Teo.
229 4048 384 4109 praestrictus
394 4047 455 4111 polu,
467 4045 518 4112 βγ.
1257 4100 1260 4104 .

171 4110 256 4171 §ala
283 4130 320 4173 oo,
336 4109 407 4164 dael.
433 4124 462 4174 et,
474 4111 503 4175 β.
529 4158 558 4166 -
583 4133 713 4178 ιιενυοηιιιι,
726 4119 792 4168 Pint.
818 4161 846 4169 -
874 4118 990 4178 debilitas,
1003 4121 1075 4168 oodd.
1088 4117 1144 4168 Get.
1172 4115 1260 4181 moia,

137 4181 183 4229 ad.
204 4221 234 4229 ..
254 4180 361 4241 leontinis,
374 4186 417 4232 ad.
436 4182 560 4243 lornirmm,
573 4188 646 4235 codd.
660 4186 716 4237 Gel.
728 4182 757 4247 β.
777 4229 808 4236 -
827 4186 925 4245 maberie,
938 4203 961 4234 a.
1090 4214 1093 4219 ·

165 4249 185 4316 ,ξ
198 4252 259 4297 als:
275 4247 389 4309 auditote,
401 4267 421 4298 r.
442 4290 470 4297 ..
482 4251 518 4312 fit
530 4249 633 4299 bussoria
645 4254 718 4302 niuniu
729 4253 870 4315 quondtaee,
882 4254 970 4305 Dalee.
