2896 4792
131 257 175 321 42
481 271 685 320 narratus
707 269 902 319 nrsroamn

132 422 188 508 qui
209 423 294 487 inter
319 423 388 488 illos
415 444 526 509 pacem
556 443 627 487 esse
656 433 785 509 cogunt.
823 420 874 486 Ac
903 422 931 485 si
959 415 1031 505 quis
1060 421 1250 507 Aethiopas,
1267 440 1315 485 tao

133 522 332 609 Aegyptum,
363 521 501 602 Arabas,
528 521 639 601 Indos,
669 520 821 607 Scythas,
850 520 998 599 Bactros,
1030 519 1251 588 Sarmatarum

17 629 22 638 '
132 633 180 687 tot
200 623 307 710 gentis
328 633 359 687 et
382 623 512 688 orientis
534 623 703 707 omniaque
725 621 916 686 Parthorum
942 644 1044 709 regna
1065 621 1252 710 diligentius

133 734 297 810 conputet,
320 745 420 808 aequa
440 723 539 789 ferme
561 745 637 808 pars
658 723 823 788 hominum
844 723 878 787 in
900 733 966 788 toto
987 722 1105 787 mundo
1121 722 1252 788 calamis

133 834 283 909 superata
305 823 402 911 degit.
424 823 626 910 Praecipuus
646 823 699 888 hic
720 823 809 888 visus
828 823 861 886 in
878 819 977 888 Creta
990 821 1160 888 bellatores
1177 845 1253 889 suos
1267 840 1312 886 rar

132 923 328 1003 nobilitavit3
357 925 413 990 sed
434 925 468 990 in
488 924 550 989 hoc
570 946 696 1008 quoqne
717 933 755 988 ut
776 923 889 988 ceteris
910 923 944 987 in
966 923 1064 989 rebus
1085 924 1163 990 vicit
1183 924 1252 988 Ita-

132 1025 185 1104 lia,
217 1025 346 1110 quando
371 1025 478 1090 nullus
507 1024 634 1111 sagittis
662 1023 766 1108 aptior
791 1024 930 1088 calamus
957 1044 1052 1107 quam
1080 1025 1113 1089 in
1139 1023 1253 1088 Rheno

133 1124 331 1190 Bononiensi
352 1148 455 1203 amne,
477 1125 529 1191 cui
552 1125 701 1211 pluruma
721 1126 807 1189 inest
826 1123 965 1190 medulla
986 1124 1176 1209 pondusque
1197 1147 1253 1189 vo·

132 1226 220 1291 lucre
248 1235 280 1290 et
307 1236 416 1291 contra
441 1225 539 1290 datus
566 1247 695 1310 quoque
723 1225 877 1310 pervicax
904 1223 1004 1303 libra;
1039 1225 1159 1310 quippe
1187 1246 1253 1287 non

133 1325 246 1390 eadem
271 1326 377 1414 gratia
402 1324 552 1413 Belgicis.
588 1324 682 1391 Haec
710 1336 742 1391 et
772 1323 910 1391 Creticis
932 1323 1253 1400 conmendatioribus,

132 1447 325 1510 quamquam
345 1426 570 1514 praeferuntur
591 1425 694 1492 Indici
716 1449 852 1510 quorum
872 1426 935 1490 alia
955 1424 1148 1510 quibusdam
1162 1424 1253 1489 vide-

134 1537 186 1590 tur
206 1536 336 1606 natura,
365 1527 492 1612 quando
515 1537 548 1592 et
568 1526 732 1592 hastarum
753 1526 855 1593 vicem
877 1527 1033 1613 praebent
1054 1525 1173 1590 additis
1194 1547 1253 1590 cu·

133 1626 288 1713 apidibus.
311 1626 497 1692 Harundini
519 1627 648 1711 quidem
661 1626 793 1693 Indicae
815 1626 950 1692 arborea
964 1626 1149 1712 amplitudo,
1172 1646 1252 1709 qua·
1268 1642 1315 1687 tas

132 1726 174 1792 lis
194 1727 290 1816 volgo
311 1728 345 1793 in
367 1727 495 1813 templis
516 1727 672 1793 videmus.
708 1727 849 1792 Differre
875 1729 972 1792 maris
999 1751 1037 1792 ac
1057 1726 1193 1793 feminas
1218 1726 1253 1791 in

132 1826 185 1892 his
206 1849 332 1913 quoque
350 1827 427 1891 Indi
450 1827 595 1905 tradunt3
624 1828 760 1914 spissius
781 1829 860 1893 mari
883 1851 1015 1914 corpus,
1038 1827 1176 1893 feminae
1198 1827 1263 1892 ca·'
1289 1875 1293 1882 ι

132 1928 255 2017 paclus.
288 1928 565 2016 Navigiorumque
588 1929 683 1994 etiam
704 1931 808 1995 vicem
828 1939 1004 2015 praestant,
1035 1929 1061 1994 si
1083 1928 1253 2006 credimus,

135 2029 261 2118 singula
281 2029 472 2096 internodia.
496 2027 593 2096 Circa
607 2025 770 2096 Acesinen
792 2053 918 2096 amnem
938 2052 1087 2095 maxume
1100 2027 1253 2094 nascitur.

134 2130 292 2196 Harundo
312 2131 415 2196 omnis
437 2154 478 2196 ex
499 2154 563 2195 una
585 2131 682 2218 stirpe
704 2154 889 2211 numerosa,
916 2143 1011 2216 atque
1033 2131 1129 2196 etiam
1152 2131 1255 2196 recisa
1268 2147 1317 2192 roa

133 2231 304 2297 fecundius
325 2233 474 2320 resurgit.
500 2231 607 2296 Radix
628 2243 745 2297 natura
766 2233 878 2311 vivax,
906 2231 1088 2319 geniculata
1114 2241 1146 2296 et
1173 2230 1254 2317 ipsa.

135 2330 229 2395 Folia
246 2331 368 2396 Indicis
391 2343 514 2396 tantum
534 2333 655 2411 brevia,
679 2334 825 2399 omnibus
846 2356 923 2399 vero
944 2355 963 2396 a
984 2332 1066 2398 nodo
1088 2355 1160 2397 orsa
1181 2354 1255 2397 cum

136 2432 294 2515 conplexu
315 2433 421 2499 tenuis
441 2456 501 2519 per
521 2432 675 2497 ambitum
696 2434 851 2498 inducunt
865 2433 989 2498 tunicas
1004 2443 1100 2517 atque
1115 2456 1135 2497 a
1150 2433 1254 2498 medio

135 2531 315 2598 internodio
344 2554 416 2597 cum
441 2533 624 2619 plurumum
652 2533 802 2598 desinunt
828 2534 946 2599 vestire
967 2533 1254 2620 procumbuntque.

136 2631 255 2698 Latera
276 2633 447 2698 harundini
470 2634 654 2718 calamoque
675 2634 709 2698 in
723 2635 918 2700 rotunditate
932 2635 1020 2714 bina,
1043 2658 1141 2721 super
1154 2622 1256 2701 nodbs

137 2733 258 2798 alterno
280 2756 408 2821 semper
428 2733 576 2820 inguine,
604 2745 640 2798 ut
666 2734 804 2801 alterum
824 2759 845 2800 a
866 2736 999 2802 dextera
1019 2736 1090 2814 fiat,
1119 2736 1256 2800 alterum

136 2834 301 2920 superiore
322 2834 471 2920 geniculo
492 2834 533 2901 ab
553 2836 646 2900 laeva
666 2859 723 2922 per
736 2836 834 2914 vicis3
856 2836 933 2902 inde
953 2848 1072 2901 exeunt
1086 2833 1256 2918 aliquando

136 2935 218 3001 rami
238 2935 294 3019 qui
316 2945 391 3000 sunt
412 2936 524 3001 calami
547 2947 667 3002 tenues.

172 3142 258 3204 §loo
284 3141 348 3206 qnid,
361 3158 384 3193 a.
403 3184 434 3193 ..
452 3143 568 3206 Bactros,
580 3146 624 3196 ad.
644 3185 675 3195 ..
686 3144 776 3207 sama,
790 3135 862 3193 Oad.
871 3136 976 3204 sarad.

145 3277 151 3289 .
172 3210 258 3288 3¹⁶¹:
284 3210 355 3273 meua,
371 3203 421 3261 Oa.
443 3208 589 3277 asaqdssy.
610 3253 640 3261 ..
662 3209 861 3290 nobilitavitD'2.
879 3203 1207 3286 praecapitavitwadssr.
1225 3249 1256 3257 -
1355 3244 1357 3248 ι

139 3279 367 3407 arata...
401 3270 1260 3410 ...obmutescente-rnna:

140 3410 248 3462 Salmas.
261 3427 344 3462 exerc.
357 3429 381 3478 p.
396 3419 452 3463 119.
464 3415 489 3464 b.
502 3413 536 3464 A.
560 3453 591 3462 ..
619 3411 714 3473 bellicis,
731 3404 798 3460 Gar.
817 3400 859 3477 sslf
866 3407 963 3470 bellam
976 3412 1000 3459 d.
1024 3449 1055 3458 -
1082 3407 1261 3458 commandatio-

141 3478 215 3538 rtbas,
227 3482 251 3528 d.
268 3479 512 3541 commendationibus,
524 3493 564 3529 ar.
587 3479 752 3531 scribendum
764 3484 803 3526 cst
814 3474 989 3536 commendatae,
1001 3475 1107 3524 omnibns
1118 3490 1261 3538 quamquam

141 3547 186 3598 rel.
199 3547 249 3596 hoc
258 3548 353 3598 scilicet
364 3563 451 3598 sensus
468 3554 603 3611 postquam
619 3547 685 3595 dixit
695 3545 761 3594 Plin.
778 3544 887 3607 gratiam
901 3545 1037 3608 pervicacis
1053 3544 1132 3593 libras
1143 3556 1195 3592 non
1208 3556 1263 3592 csse

141 3614 262 3677 Belgicis,
273 3630 331 3664 cum
340 3616 365 3663 vi
375 3617 485 3678 quadam
494 3614 576 3677 perffi't
585 3612 651 3662 hanc
660 3607 765 3675 (librae)
775 3612 1024 3661 commendationem
1037 3610 1141 3660 Creticis
1152 3623 1262 3672 quoque,

142 3695 195 3729 non
207 3682 410 3732 Bononiensibus
421 3683 499 3729 modo
511 3694 574 3739 esse,
590 3693 744 3743 quamquam
762 3679 789 3727 in
799 3677 861 3727 belli
873 3694 921 3728 usu
933 3678 1051 3727 omnibus
1063 3678 1168 3726 calamis
1179 3677 1264 3726 adhuc

143 3751 347 3800 commemoratis
362 3747 534 3812 praeferantur
545 3745 634 3794 Indici.
659 3745 740 3794 Varia
755 3753 856 3795 tentant
866 3747 970 3796 Barbar.
987 3753 1012 3794 et
1023 3745 1112 3794 Dalec.
1137 3785 1166 3793 -
1190 3759 1264 3806 praa-

136 3815 264 3879 scrantar,
281 3818 355 3867 Tad.
378 3812 562 3878 praeferantur,
576 3807 627 3875 βγ.
660 3812 778 3863 Ceterum
795 3813 860 3861 haec
876 3813 942 3862 Plin.
959 3812 1067 3875 sumpsit
1084 3825 1117 3860 cx
1134 3811 1264 3874 Theophr.

144 3883 253 3934 t.1.1v.
268 3889 307 3945 ll,
322 3887 335 3934 7
349 3894 418 3943 seqq.
437 3919 467 3928 -
486 3876 573 3935 Indici,
584 3894 607 3928 a.
624 3877 715 3943 Iactat,
727 3880 780 3929 Td.
797 3877 862 3935 Indi,
873 3874 926 3943 βγ.

178 3951 194 4012 5
208 3956 264 4001 162.
290 3949 404 3998 arboreae
415 3960 445 3992 ω
455 3943 586 4008 amplitudo
598 3945 698 4009 qualem,
710 3962 730 3994 r.
749 3946 863 4010 Sumpsit
873 3947 938 3995 haec
949 3947 1017 3998 Plin.
1026 3947 1058 3994 ad
1067 3946 1171 3995 verbum
1181 3958 1195 3993 c
1205 3943 1265 3995 cta·

145 4017 198 4067 siaa
209 4016 303 4066 Indicis
315 4029 356 4076 ap.
368 4013 443 4062 Phot.
455 4013 560 4075 myrlob.
574 4016 613 4063 ta.
625 4028 651 4077 p.
664 4011 716 4063 45¹¹
727 4017 768 4062 24.
781 4015 821 4064 ed.
833 4012 917 4062 Bekk.
937 4054 966 4062 ..
985 4011 1143 4077 Naviqiorran
1155 4011 1234 4072 αἰανῆ,
1246 4026 1265 4060 r.

150 4122 180 4132 ,,
200 4081 325 4140 Acesinen,
337 4081 381 4127 acl.
400 4077 530 4138 Acainem,
542 4074 594 4142 βγ.
615 4121 644 4129 ..
664 4078 776 4140 nescim,
789 4081 833 4129 ad.
851 4088 987 4138 nascantur,
997 4074 1050 4143 βγ.

181 4152 196 4213 ξ
210 4151 267 4198 163.
291 4145 357 4196 Har.
370 4143 445 4193 manis
456 4144 527 4194 vivan
538 4153 610 4210 atquc
621 4146 690 4195 cahra
703 4153 787 4194 eunus
795 4145 927 4209 secundina
938 4146 1046 4211 resurgit.
1060 4143 1164 4195 Radicis
1177 4151 1266 4192 natura

147 4231 178 4262 ar
189 4212 463 4276 massmannum,
480 4211 721 4278 yenicnlrtaetapsq
737 4214 806 4264 Pint.
831 4255 861 4264 -
888 4213 1042 4275 anodo,ad.
1069 4210 1165 4272 nodosa
1181 4205 1210 4271 β.
1235 4251 1265 4259 -
