2896 4792
386 255 457 302 ma.
473 255 563 303 xxu.
592 253 670 301 ose.
686 254 805 301 11..v1.
836 251 935 300 saer.
950 254 1008 297 3-6.
1198 238 1260 301 421

183 407 226 472 V.
250 409 279 472 5.
300 405 450 472 Donatus
472 412 523 471 est
544 428 581 470 ea
602 403 643 470 Is.
666 401 793 470 Siccius
806 403 968 469 Dentatus
987 405 1096 480 semel,
1119 426 1192 469 oum
1214 402 1291 468 oi-o

141 511 229 574 vioas
254 506 508 592 quattuordecim
534 508 703 571 meruisset
730 505 1012 591 depugnassetque
1039 525 1106 570 oxx
1134 504 1263 591 proeliis

142 631 268 695 semper
288 610 390 675 vietor
396 632 405 684 3
434 618 521 673 tanto
550 609 653 673 rarius
680 617 730 672 est
751 618 947 673 servatorem
968 628 1069 671 unum
1089 629 1109 670 a
1130 605 1264 670 servatis

141 710 262 776 donari.
300 708 442 791 Quidam
468 709 664 794 inperatores
693 719 725 772 et
754 708 882 793 saepius
911 706 1019 773 donati
1047 716 1138 784 sunt,
1166 705 1265 771 veluti

140 811 179 875 P.
194 810 317 876 Deoius
331 809 409 876 Mus
424 809 574 875 tribunus
588 809 725 873 militum
739 809 780 874 ab
796 809 951 886 exercitu,
974 807 1074 872 altera
1089 807 1130 872 ab
1144 807 1195 871 his
1208 807 1264 891 qui

141 911 175 976 in
196 912 357 998 praesidio
378 911 502 977 obsessi
523 911 659 988 fuerant,
682 920 802 994 quanta
824 921 909 976 esset
924 909 992 975 eius
1007 908 1138 974 honoris
1152 919 1263 972 auoto-

141 1012 219 1077 ritas
245 1013 412 1078 confessus
440 1012 610 1098 religione,
648 1011 807 1095 siquidem
842 1012 977 1077 donatus
1011 1010 1125 1076 bovem
1156 1007 1265 1074 album

140 1111 241 1176 Marti
267 1113 432 1178 inmolavit
462 1124 493 1178 et
521 1123 649 1179 eentum
670 1113 776 1178 fulvos
799 1113 854 1196 qui
877 1111 906 1177 ei
928 1110 1057 1177 virtutis
1079 1133 1178 1176 causa
1198 1108 1266 1173 dati

142 1213 270 1279 fuerant
290 1213 384 1279 simul
406 1214 447 1279 ab
469 1214 625 1290 obsessis3
654 1213 707 1278 bio
728 1213 850 1279 Deoius
871 1224 985 1299 postea
1015 1235 1049 1278 se
1076 1211 1188 1305 oonsul
1208 1209 1264 1274 In·

141 1313 267 1400 perioso
294 1316 428 1403 conlega
453 1337 512 1400 pro
541 1315 674 1380 victoria
695 1313 832 1380 devovit.
870 1313 959 1378 Data
986 1324 1034 1378 est
1057 1323 1090 1377 et
1111 1335 1130 1376 a
1152 1320 1311 1376 senatum

142 1415 324 1499 populoque
339 1415 494 1494 Romano,
518 1437 582 1499 qua
596 1415 740 1482 claritate
761 1415 840 1479 nihil
862 1415 1011 1498 equidem
1031 1413 1065 1477 in
1086 1413 1183 1478 rebus
1203 1411 1265 1476 hu·

141 1515 244 1579 manis
266 1514 434 1581 sublimius
456 1516 553 1595 duoo,
580 1516 683 1581 Fabio
705 1517 751 1581 illi
772 1516 828 1600 qui
850 1539 917 1581 rem
939 1537 1066 1582 omnem
1087 1513 1265 1580 Romanam

141 1615 279 1680 restituit
292 1639 356 1680 non
370 1618 556 1706 pugnando,
579 1641 639 1683 neo
654 1619 740 1696 data,
764 1640 838 1682 oum
853 1616 1044 1704 magistrum
1066 1617 1210 1700 equitum
1232 1626 1265 1680 et

142 1717 316 1781 exereitum
343 1718 412 1783 eius
438 1731 609 1796 servasset,
637 1775 677 1782 -
707 1730 783 1784 tuno
813 1719 913 1784 satius
942 1718 1004 1783 fuit
1029 1717 1159 1784 nomine
1181 1738 1264 1782 novo

142 1818 298 1896 eoronari,
321 1819 518 1904 appellatum
538 1831 664 1906 patrem
685 1820 726 1886 ab
751 1820 801 1885 his
820 1843 901 1905 quos
923 1830 1117 1897 servaverat,
1144 1873 1183 1882 -
1208 1817 1265 1882 sed
1311 1800 1328 1818 “

142 1941 205 2003 quo
237 1918 358 1984 dietum
392 1931 442 1987 est
477 1942 633 1986 consensu
665 1919 839 1987 honoratus
872 1933 921 1987 est
953 1920 1136 1986 Hannibale
1169 1917 1263 1982 Italia

141 2021 252 2105 pulso;
289 2043 371 2104 quae
398 2044 516 2087 oorona
537 2021 642 2086 adhuo
662 2023 729 2087 sola
750 2022 853 2109 ipsius
874 2023 979 2109 inperi
1000 2020 1149 2088 manibus
1169 2018 1263 2105 inpo-

142 2121 205 2185 sita
226 2132 277 2187 est
297 2133 339 2204 et,
363 2123 450 2206 quod
471 2123 633 2208 peculiare
655 2123 685 2189 ei
707 2133 766 2202 est,
789 2125 858 2188 sola
879 2148 898 2189 a
920 2134 987 2189 tota
1007 2123 1100 2188 Italia
1121 2122 1206 2187 data

184 2220 245 2286 VL
268 2224 297 2286 6.
324 2223 456 2288 Praeter
483 2223 541 2289 hos
569 2224 704 2311 eontigit
731 2225 800 2290 eius
828 2247 962 2291 coronae
987 2224 1089 2290 honos
1111 2222 1160 2288 M.
1184 2219 1261 2288 Cal·
1277 2235 1306 2282 ¹1

141 2321 256 2407 pumio
277 2321 442 2387 Flammae
464 2323 591 2389 tribuno
613 2325 750 2389 militum
772 2325 806 2389 in
829 2323 956 2402 Sicilia,
989 2323 1165 2389 oenturioni
1186 2345 1263 2388 vero

141 2420 198 2485 uni
230 2421 272 2485 ad
302 2419 363 2486 hoo
395 2432 520 2507 tempus
554 2421 615 2486 On.
648 2423 777 2487 Petreio
808 2424 934 2489 Atinati
973 2422 1136 2490 Cimbrico
1168 2423 1262 2489 bello.

141 2519 285 2587 Primum
306 2522 408 2608 pilum
433 2523 461 2587 is
483 2544 654 2608 capessens
677 2522 737 2588 sub
761 2519 891 2601 Catulo,
923 2522 1086 2588 exclusam
1107 2522 1148 2587 ab
1170 2522 1261 2588 hoste

140 2625 300 2712 legionem
334 2628 425 2688 ¹suam
450 2623 613 2701 hortatus,
651 2623 815 2688 tribunum
850 2646 943 2689 suum
972 2623 1171 2689 dubitantem
1203 2647 1261 2710 per

140 2737 245 2792 eastra
264 2725 404 2791 hostium
426 2748 593 2812 erumpere
606 2723 764 2790 interleoit
777 2724 1000 2811 legionemque
1021 2725 1142 2791 eduxit
1156 2725 1260 2792 ·Inve·

140 2827 194 2892 nio
223 2826 310 2912 apud
336 2836 482 2892 auotores
512 2827 650 2893 eundem
678 2837 806 2910 praeter
827 2825 912 2892 huno
932 2826 1099 2905 honorem,
1129 2827 1260 2892 adstan-

140 2927 226 2992 tibus
247 2927 352 2993 Mario
374 2938 406 2992 et
421 2926 538 2994 Catulo
560 2950 652 3006 ooss.,
674 2936 907 3014 praetextatum
927 2927 1098 2995 inmolasse
1120 2928 1162 2994 ad
1184 2927 1259 2993 tibi-

139 3029 241 3095 oinem
270 3030 374 3095 fooulo
401 3029 516 3114 posito.
552 3026 691 3114 Scripsit
718 3040 751 3094 et
774 3026 864 3094 Sulla
887 3029 1022 3097 dictator
1054 3030 1095 3095 ab
1117 3031 1260 3096 exercitu
1274 3043 1306 3089 tr

140 3152 174 3196 se
200 3127 327 3215 quoque
353 3130 616 3217 donatumapud
636 3129 752 3197 Nolam
772 3131 914 3219 legatum
934 3132 1019 3199 bello
1040 3132 1182 3199 Marsico
1208 3133 1258 3199 id-

67 3387 82 3401 *
139 3351 207 3397 anas,
223 3338 247 3385 d.
266 3333 375 3384 decumas
386 3337 420 3395 V,
437 3350 591 3400 quamquam
603 3337 720 3400 primitus
732 3338 759 3387 in
771 3353 802 3387 eo
815 3337 947 3387 deciam
963 3339 1090 3389 exstitisse
1101 3339 1207 3389 videtur.
1226 3380 1257 3389 -

139 3400 239 3451 militam
252 3401 367 3464 tabanus,
380 3404 432 3453 Τά.
450 3444 481 3452 -
504 3418 552 3451 aaa
563 3403 603 3465 ab,
615 3405 647 3455 Κ.
664 3444 695 3454 -
714 3404 796 3465 ereita,
809 3406 841 3455 R.
860 3446 892 3454 -
909 3403 978 3465 alter,
990 3406 1021 3455 R.
1042 3447 1073 3454 -
1091 3403 1213 3470 relegisse,
1225 3408 1258 3458 R.

140 3503 171 3519 .·.
190 3471 267 3519 bobeta
279 3468 354 3531 albas,
366 3471 400 3520 V.
419 3510 451 3520 ..
474 3469 570 3529 aava.
593 3478 623 3532 et,
635 3472 667 3522 R.
686 3512 718 3520 ..
742 3471 959 3532 storeastevd.
983 3473 1090 3533 abrasis,
1102 3473 1133 3523 R.
1156 3512 1182 3520 -
1206 3473 1258 3524 De·

138 3535 331 3599 ammoneo.
344 3536 414 3599 Gel.)
440 3536 630 3598 Decianavd.
649 3579 680 3588 ..
706 3536 843 3603 Imperioso,
855 3540 930 3591 oodd.
943 3536 1000 3592 Gal.
1027 3540 1133 3605 imperio,
1144 3540 1257 3593 RVTd.

139 3605 171 3655 V.
184 3607 300 3656 Perizon.
318 3607 496 3656 animadversa.
509 3607 569 3656 hist.
585 3622 610 3670 p.
623 3611 681 3656 ³59.
694 3615 720 3656 et
731 3611 764 3658 sd
774 3608 862 3658 Valet.
874 3609 946 3658 Max.
958 3608 992 3658 V.
1005 3616 1028 3671 4,
1040 3615 1064 3659 3.
1081 3609 1169 3659 Verba
1179 3606 1258 3674 Impe·
1368 3619 1370 3623 ’

137 3672 199 3721 n'oso
210 3672 300 3737 collega
311 3680 340 3723 ut
351 3674 519 3737 suppositioia
527 3675 595 3725 delet
605 3673 673 3725 Pint.
1328 3694 1332 3701 ¹

171 3773 239 3835 §lo
263 3783 286 3822 et
296 3774 429 3834 exeritum,
441 3776 473 3825 R.
496 3777 771 3840 exadmmqae,VTd.
790 3816 821 3825 -
845 3793 914 3839 nova,
925 3778 957 3827 R.
977 3819 1008 3826 -
1022 3778 1160 3842 quanv.
1186 3777 1257 3842 qaod,

137 3844 162 3891 d.
186 3882 216 3890 -
244 3841 391 3903 Hannibale,
409 3844 491 3893 VTd.
516 3843 644 3894 Hannibal
658 3851 688 3905 et,
705 3844 737 3894 R.
764 3842 902 3894 Hannone
917 3862 954 3906 ee,
970 3840 1021 3911 βγ.
1039 3887 1071 3896 ..
1095 3845 1280 3908 manibusv„

137 3924 228 3968 monas,
240 3910 272 3958 R.
290 3924 370 3972 mana,
383 3910 435 3959 Τὰ.
455 3950 485 3960 -
504 3919 579 3974 estet,
591 3914 623 3962 R.
642 3921 683 3970 est,
692 3913 747 3963 Vd.

170 4012 184 4072 ς
199 4016 238 4059 ll.
257 4008 337 4072 bonor,
349 4014 373 4061 d.
388 4052 418 4059 ..
440 4007 576 4076 caperato,
592 4006 729 4065 URVTd.
751 4010 903 4079 calphurnio,
914 4010 944 4076 β.
959 4054 991 4064 ..
1010 4013 1113 4077 Petreio,
1129 4007 1157 4064 θ.
1179 4013 1256 4075 Treio,

136 4077 197 4127 RV.
224 4075 294 4138 ereio,
305 4080 330 4128 d.
356 4075 503 4140 Penates.
523 4121 554 4129 ..
581 4079 702 4142 inclusam,
717 4083 783 4133 Pint.
803 4124 833 4132 -
862 4077 1058 4144 boste,0VTd.
1085 4077 1203 4144 loqltss.
1225 4124 1255 4133 -

137 4143 256 4273 qrq'bqpom
279 4160 345 4194 saum
368 4143 526 4210 dubitantem,
552 4148 615 4206 haee
638 4151 713 4201 verba
736 4157 795 4215 post
817 4166 840 4198 v.
861 4165 980 4213 erumpere
1001 4148 1109 4201 collocat
1129 4151 1196 4202 Pint.
1224 4192 1254 4201 ..
