2896 4792
192 274 253 337 130
420 303 425 326 .
539 288 744 336 uarunanrs
766 288 961 338 ursroalsu

188 439 301 525 paucis
322 440 419 503 ramis
447 437 671 504 eminentibus.
708 439 881 504 Inventum
903 437 1074 524 Sibyllinis
1095 441 1186 506 libris
1207 443 1309 508 inter-
1324 460 1372 505 ars

186 540 354 606 necionem
374 539 536 604 hominum
559 540 629 605 lore
651 551 801 624 tantoque
823 562 894 605 eam
915 541 1078 619 maiorem,
1102 554 1222 625 quanto
1237 566 1310 628 pro·

185 641 260 726 pius
281 643 323 707 ab
344 641 425 706 urbe
446 650 560 726 postea
578 642 665 706 facta
679 653 773 707 esset
796 639 881 707 Sunt
896 643 1046 730 prodigia
1060 654 1093 708 et
1107 666 1181 708 cum
1195 645 1310 711 alienis

184 744 263 808 locis
284 752 489 819 enascuntur,
511 741 602 806 utin
624 741 786 828 capitibus
807 754 986 808 statuarum
1010 744 1061 809 vel
1082 745 1158 822 aris,
1179 757 1308 811 etcum

183 844 218 908 in
239 844 407 910 arboribus
433 844 513 930 ipsis
540 843 671 908 alienae.
707 843 808 908 Ficus
835 844 869 908 in
898 844 988 909 lauro
1014 857 1091 910 nata
1117 855 1167 911 est
1193 844 1309 930 Cyzici

183 957 257 1010 ante
279 945 496 1021 obsidionem,
524 944 619 1009 simili
648 946 743 1010 modo
764 944 926 1012 Trallibus
948 947 1055 1030 palma
1074 947 1110 1012 in
1131 945 1201 1013 basi
1223 945 1308 1013 Cae·

184 1048 266 1112 saris
287 1046 451 1112 dictatoris
473 1046 558 1111 eirca
578 1045 662 1110 bella
684 1046 790 1111 civilia
812 1047 891 1113 eius.
913 1045 983 1111 Nec
1004 1070 1070 1112 non
1091 1059 1124 1112 et
1135 1046 1258 1113 Romae
1272 1048 1308 1114 in
1321 1065 1372 1110 245

184 1143 344 1232 Capitolio
364 1147 400 1215 in
421 1147 526 1232 capite
548 1145 637 1211 Iovis
658 1145 745 1213 bello
765 1147 879 1213 Persei
901 1159 993 1213 enata
1014 1149 1121 1234 palma
1142 1149 1308 1217 victoriam

69 1228 81 1305 '1
183 1247 428 1332 triumphosque
450 1247 630 1333 portendit3
660 1247 720 1313 hac
742 1249 991 1334 tempestatibus
1012 1260 1173 1336 prostrata
1194 1252 1308 1317 eodem

181 1349 251 1415 loco
273 1348 352 1415 ficus
375 1360 469 1413 enata
490 1360 539 1413 est
559 1348 607 1413 M.
630 1348 793 1415 Messalae
816 1348 854 1415 Ο.
880 1348 976 1415 Cassi
1002 1373 1172 1417 censorum
1193 1353 1305 1430 lustro,

181 1472 202 1522 a
221 1471 287 1533 quo
309 1461 453 1535 tempore
474 1449 663 1534 pudicitiam
685 1451 873 1516 subversam
889 1451 967 1516 Piso
982 1452 1092 1537 gravis
1105 1463 1217 1519 auctor
1230 1476 1306 1539 pro-

182 1551 274 1616 didit.
297 1549 405 1637 Super
425 1551 532 1615 omnia
552 1572 636 1634 quas
659 1573 811 1635 umquam
832 1552 944 1616 audita
959 1563 1035 1618 sunt
1048 1553 1109 1618 erit
1122 1554 1306 1639 prodigium

181 1650 214 1715 in
236 1664 347 1718 nostro
370 1674 449 1717 aevo
470 1651 609 1717 Neronis
631 1651 788 1737 principis
810 1653 904 1717 ruina
925 1654 1045 1717 iactum
1065 1653 1100 1719 in
1122 1677 1201 1740 agro
1216 1653 1307 1720 Mar-

180 1755 304 1832 rucino,
327 1753 425 1820 Veoti
438 1752 618 1819 Marcellis
638 1752 751 1838 primis
773 1754 930 1837 equestris
950 1754 1072 1819 ordinis
1094 1755 1211 1821 oliveto
1231 1757 1306 1821 uni·

181 1876 278 1920 verso
298 1855 384 1919 viam
405 1853 569 1939 publicam
592 1865 793 1941 transgresso
821 1855 973 1938 arvisque
999 1854 1074 1920 inde
1101 1857 1307 1923 econtrario

183 1955 216 2018 in
238 1955 344 2019 locum
364 1955 475 2020 oliveti
496 1955 660 2039 profectis.

236 2055 374 2123 XXVI.
407 2057 458 2122 39.
489 2055 588 2122 Nunc
620 2055 776 2142 expositis
806 2055 957 2122 arborum
986 2054 1107 2121 morbis
1138 2068 1306 2124 consents·
1319 2069 1369 2116 2⁴⁶

179 2178 277 2222 neum
299 2169 349 2222 est
370 2157 476 2222 dicere
499 2168 531 2223 et
551 2157 702 2222 remedia.
724 2155 779 2221 Ex
800 2157 851 2222 his
864 2157 1022 2240 quaedam
1041 2167 1117 2223 suut
1135 2160 1306 2224 conmnnia

179 2258 340 2344 omnium,
353 2259 511 2342 quaedam
524 2258 655 2344 propria
669 2259 885 2341 quarundam3
907 2257 1078 2323 conmunia
1091 2257 1305 2342 ablaqueatio,

179 2358 403 2437 adcurirulado,
424 2358 536 2424 adflari
549 2358 676 2424 radices
690 2370 746 2423 aut
761 2358 929 2443 cooperiri,
952 2359 1055 2446 riguis
1070 2359 1146 2425 dato
1159 2372 1239 2446 potu
1252 2361 1306 2427 vel

182 2458 298 2538 ablato,
320 2460 387 2525 fimi
410 2483 487 2526 suco
508 2461 647 2538 reiectis,
668 2460 834 2545 putatione
854 2459 970 2525 levatis
991 2482 1104 2535 onere3
1126 2460 1203 2524 item
1226 2482 1306 2525 suco

180 2560 299 2628 emisso
319 2562 477 2646 quaedam
499 2561 598 2627 veluti
619 2560 773 2626 detractio
796 2561 974 2648 sanguinis,
1004 2562 1209 2627 circumrasio
1230 2584 1303 2627 cor·

180 2663 264 2742 tisis,
295 2665 410 2728 vitium
439 2662 625 2729 extenuatio
645 2675 678 2728 et
699 2663 859 2727 domitura
880 2663 1058 2748 palmitum,
1091 2684 1301 2749 gemmarum,

179 2764 208 2830 si
229 2765 332 2851 frigus
353 2765 527 2831 retorridas
549 2765 714 2848 hirtasque
729 2764 852 2841 iecerit,
873 2763 1083 2848 repumicatio
1097 2763 1301 2847 etquaedam

180 2866 328 2952 politura.
350 2866 516 2931 Arborum
537 2866 589 2930 bis
610 2866 691 2930 aliae
713 2865 828 2951 magis,
844 2865 925 2929 aliae
940 2865 1048 2930 minus
1063 2865 1217 2953 gaudent,
1233 2863 1301 2929 vel·
1315 2872 1365 2920 2⁴⁷

213 3042 299 3103 5244.
325 3038 506 3100 internicionem,
519 3057 541 3089 a.
562 3080 592 3088 ..
612 3055 671 3100 eam,
684 3042 708 3089 d.
728 3046 856 3102 tcarqrruar,
868 3055 891 3088 u.
910 3039 968 3090 Om.
981 3040 1011 3088 Τ.
1032 3079 1063 3088 -
1080 3037 1198 3101 proprius,
1211 3053 1233 3086 a
1253 3034 1302 3087 Oc·

179 3114 258 3156 terum
276 3106 303 3155 in
319 3107 359 3156 his
374 3122 413 3155 vv.
430 3108 493 3157 latet
508 3108 658 3170 corruptela.
686 3106 744 3167 Quo
760 3107 828 3155 enirn
844 3106 987 3156 referuntur
1001 3123 1040 3156 vr.
1051 3103 1213 3169 fosteosucto
1224 3104 1302 3154 necti

179 3173 249 3223 Num
262 3178 293 3225 ad
305 3174 497 3224 internecionem?
509 3175 546 3224 At
558 3177 609 3223 hoc
621 3177 705 3237 inepte
717 3175 807 3223 dicitnr
819 3180 844 3222 ct
852 3174 951 3223 nullum
961 3189 1064 3237 prorsus
1074 3188 1175 3223 sensum
1184 3171 1301 3232 admittit

179 3243 223 3290 An
232 3244 265 3291 ad
273 3243 379 3290 arborem
388 3240 560 3291 subsidentem?
577 3245 615 3292 Ar
624 3243 660 3292 ita
668 3257 708 3291 vv.
717 3249 801 3304 postea
806 3241 882 3304 sacta
895 3243 989 3305 pariter
1002 3256 1106 3304 quoquo
1121 3254 1195 3290 sensu
1208 3247 1301 3289 carent.

180 3308 215 3358 Et
224 3310 284 3372 quid
296 3311 322 3358 in
335 3311 479 3359 universum
491 3311 517 3359 h.
529 3310 547 3358 l.
560 3311 605 3359 sibi
618 3310 675 3358 uult
685 3309 831 3359 adverbium
840 3312 940 3372 postea?
953 3310 1059 3372 Scripsit
1069 3309 1136 3358 Plin.
1147 3313 1236 3370 quanto
1244 3321 1301 3369 pre·

178 3374 236 3449 pius
247 3377 278 3424 ab
290 3378 346 3424 urbe
358 3376 462 3440 posite
473 3393 507 3424 ea
519 3375 566 3437 (sc.
578 3378 623 3427 illa
635 3373 738 3438 arbore)
746 3377 827 3490 pocta
841 3384 902 3424 asset
912 3391 946 3427 sc.
957 3376 1096 3427 internecio
1108 3376 1249 3425 hominum.
1268 3413 1300 3421 -

178 3459 229 3490 cum
241 3445 374 3504 arboribus,
386 3447 477 3494 Ambr.
489 3444 510 3492 L
523 3445 557 3495 II.
578 3485 609 3493 -
624 3442 730 3507 palmae,
769 3480 775 3492 .

212 3540 227 3602 5
239 3543 298 3587 245.
325 3536 378 3588 Nec
389 3535 435 3586 aon
447 3544 477 3597 et,
489 3552 511 3586 a
529 3536 649 3598 Necnon,
661 3539 685 3587 d.
699 3577 729 3586 .-
749 3536 834 3599 capite,
847 3537 937 3587 Ambr.
950 3535 971 3586 1.
989 3534 1079 3598 capito,
1091 3536 1127 3583 ad
1139 3530 1240 3593 (Ambr.
1251 3530 1300 3594 11.)

179 3645 210 3655 ..
228 3603 300 3665 lova,
312 3606 345 3656 K.
367 3605 410 3666 ca,
422 3607 459 3655 ad
472 3602 573 3668 (Ambr.
587 3604 608 3653 I.
621 3601 670 3667 11.)
681 3600 711 3666 β.
731 3645 762 3653 -
786 3602 839 3666 aar,
851 3607 875 3655 d.
899 3619 936 3662 cc,
949 3620 971 3653 a.
994 3643 1026 3652 ..
1051 3599 1169 3665 pudicitia
1179 3600 1299 3659 subversa,

177 3688 200 3722 a.
224 3714 255 3722 ..
283 3673 309 3720 iu
326 3680 405 3721 nostro
420 3688 477 3720 aevo
493 3687 556 3720 anno
567 3671 672 3723 Neronis
685 3669 803 3736 principio
819 3686 935 3734 supremo,
951 3670 1097 3719 Markland.
1113 3668 1147 3718 ad
1158 3667 1223 3718 sar
1235 3665 1299 3717 silv.

176 3739 225 3789 IV.
238 3749 262 3802 4,
275 3745 315 3791 85.
329 3742 388 3790 coll.
400 3741 467 3790 Plin.
480 3746 504 3801 2,
519 3745 575 3790 199.
595 3781 627 3788 ..
652 3738 725 3802 Verbi,
737 3756 760 3790 a.
784 3736 866 3800 Vettii,
877 3741 901 3788 d.
919 3737 980 3787 vid.
991 3742 1017 3797 2,
1033 3740 1089 3786 199.

210 3836 296 3899 §2⁴⁶-
322 3831 484 3898 ripaas‚ad².
502 3832 612 3884 Om.d¹.
631 3873 663 3882 ..
677 3838 794 3897 portua.
814 3871 842 3879 -
860 3828 955 3892 fimum,
968 3829 1041 3879 Tad.
1061 3867 1092 3877 ..
1112 3824 1213 3891 beurim,
1226 3827 1299 3877 Tad.

177 3940 209 3950 ..
226 3900 293 3950 succi
302 3900 402 3960 emissio,
413 3901 480 3950 Pint
499 3941 530 3950 ..
549 3897 707 3960 detraebas
725 3895 874 3958 detractatio,
890 3888 940 3947 Od.
960 3936 992 3944 ..
1009 3894 1157 3957 circumrusi,
1170 3911 1193 3944 a.
1206 3935 1238 3944 ,
1256 3891 1298 3942 ἅσ-

176 3967 271 4027 mineo,
284 3970 308 4018 d.
335 3967 494 4029 doraiaatura,
506 3983 528 4017 a
547 3964 703 4029 dominorum,
716 3961 775 4025 01),
787 3967 823 4016 ita
834 3972 913 4015 utrv.
922 3961 1056 4026 palmitum,
1066 3978 1212 4028 pemmonem
1224 3962 1298 4013 omib-

176 4043 269 4085 tantur.
288 4076 319 4086 ..
336 4051 491 4100 peramarum,
504 4036 528 4084 d.
545 4033 735 4099 peramarum.
756 4026 916 4103 (demumst.

210 4122 296 4182 5247.
323 4118 368 4182 bis,
379 4136 402 4170 a
424 4120 462 4180 iis,
476 4114 547 4182 ᾱβγ.
570 4120 611 4169 Ds
622 4135 649 4170 re
659 4134 684 4169 v.
697 4116 830 4181 Theophr.
841 4117 901 4168 hist
912 4117 993 4181 plant
1004 4116 1041 4167 IL
1055 4121 1077 4177 7,
1092 4123 1114 4167 1.
1138 4156 1169 4166 ..
1192 4120 1298 4164 amar.

176 4183 271 4250 Riquis,
282 4182 311 4248 β.
326 4228 356 4236 -
375 4187 437 4247 vira,
449 4188 524 4238 Tad.
542 4194 564 4234 et
575 4186 638 4248 ritis,
654 4180 706 4250 θγ.
724 4193 747 4233 et
757 4183 823 4244 vites,
831 4180 861 4245 β.
875 4225 906 4234 ..
923 4183 1054 4245 marcescit,
1068 4185 1147 4235 Hand.
1164 4188 1297 4240 murmuret,

176 4269 198 4302 a.
217 4253 337 4315 moresca,
347 4251 397 4315 ᾱβ.
415 4253 535 4315 inarescit,
547 4270 566 4304 r.
588 4296 617 4304 -
637 4250 786 4318 amyqdaloe,
799 4253 932 4318 Theophr.
946 4255 977 4304 de
990 4266 1057 4303 caus.
1069 4252 1148 4315 plant
1157 4250 1206 4301 111.
1220 4255 1260 4311 la,
1273 4255 1297 4298 2.
