2896 4792
397 283 467 327 mn.
485 282 558 328 xm.
588 280 665 327 cnr.
683 280 744 327 vu.
763 280 839 326 vm.
870 278 967 326 enon.
984 282 1064 324 sese.
1223 264 1285 330 269

163 433 347 500 Nascuntur
368 442 476 496 autem
499 431 594 496 etiam
617 453 680 495 non
704 442 787 506 scta,
809 440 1029 507 mentastrum,
1051 441 1177 515 nepote,
1200 430 1285 496 intu-

162 534 251 612 bum,
274 533 425 618 puleium.
464 530 586 596 Contra
610 532 702 617 plura
724 553 845 617 genere
868 542 942 595 sunt
964 553 1073 596 eorum
1096 553 1178 615 quae
1200 530 1285 597 dixi-

163 657 237 700 mus
259 635 466 716 dicemusque
481 643 514 696 ct
528 632 560 696 in
574 633 686 718 primis
701 633 783 718 apio.
807 631 903 697 VIII.
918 631 958 695 Id
973 632 1058 697 enim
1072 634 1157 716 quod
1172 638 1286 719 sponte
1302 652 1362 703 ιιι.

163 737 198 800 in
219 735 337 800 umidis
359 733 503 799 noscitur
523 733 743 800 helioselinum
766 743 914 809 vocatur,
941 755 1005 798 uno
1035 732 1111 800 folio
1138 756 1199 800 nec
1219 734 1286 800 hir·

165 845 287 914 sutum,
311 858 422 900 rursus
443 835 476 898 in
499 835 593 900 siccis
614 835 867 921 hipposelinum,
891 835 1038 920 pluribus
1060 835 1162 914 foliis,
1186 837 1287 902 simile

165 938 364 1015 helioselin03
402 936 531 1002 tertium
565 947 615 1001 est
647 937 857 1001 oreoselinum
892 937 1015 1002 cicutae
1043 937 1146 1016 foliis,
1179 939 1288 1006 radice

165 1039 263 1116 tenui,
285 1039 406 1104 semine
428 1037 531 1116 ancti,
555 1037 724 1103 minutiore
747 1047 879 1102 tentum.
913 1036 957 1102 Et
979 1037 1073 1102 sut-ivi
1095 1049 1203 1103 autem
1223 1036 1286 1104 dif-

167 1139 321 1204 ferentiae
343 1139 375 1204 in
398 1139 475 1204 folio
495 1139 613 1216 denso,
642 1139 749 1223 crispo
771 1151 827 1202 eut
848 1138 969 1203 rariore
991 1150 1022 1205 ct
1043 1140 1180 1217 leviore,
1210 1139 1287 1207 item

164 1241 253 1306 cattle
275 1241 420 1306 tenuiore
441 1250 498 1304 cut
520 1239 694 1314 crassiore3
722 1249 753 1304 et
774 1238 877 1304 oeulis
892 1239 1024 1304 aliorum
1051 1242 1206 1307 candidus
1228 1256 1286 1321 est,

164 1341 299 1405 eliorum
320 1362 515 1427 purpureus,
538 1339 673 1404 aliorum
695 1339 811 1403 verius

206 1443 258 1506 38.
280 1442 444 1507 Lactucae
467 1440 586 1506 Greeci
609 1442 670 1505 tria
690 1440 794 1506 fecere
816 1463 951 1527 genera:
975 1464 1075 1508 unum
1096 1443 1152 1508 lati
1173 1443 1286 1524 caulis,
1301 1458 1349 1502 ¹2⁵

163 1542 245 1607 adeo
271 1554 307 1606 ut
334 1542 448 1608 ostiola
474 1541 601 1607 olitoria
626 1563 667 1604 ex
689 1541 740 1606 his
762 1541 899 1606 factitari
922 1543 1140 1628 prodiderint3
1174 1544 1287 1611 folium

163 1641 212 1706 his
238 1644 336 1729 paulo
364 1644 467 1707 maius
493 1643 651 1709 herbaceo
673 1653 705 1707 et
727 1644 1006 1729 angustissimum,
1042 1656 1079 1710 ut
1105 1646 1180 1710 olibi
1209 1669 1285 1712 con·

164 1754 291 1828 sumpto
314 1745 528 1822 increment03
565 1745 701 1809 alterum
722 1744 851 1810 rotundi
873 1745 989 1824 oeulis,
1019 1744 1147 1810 tertium
1175 1748 1287 1813 sessile

162 1845 249 1928 quod
263 1844 460 1910 Laconicum
476 1857 600 1911 vocant.
624 1845 692 1910 Alii
715 1846 819 1910 colore
842 1856 875 1910 et
898 1857 1040 1932 tempore
1061 1858 1150 1913 setus
1164 1869 1287 1935 genere

163 1945 358 2023 discrevere;
386 1970 456 2012 esse
479 1947 564 2012 enim
587 1946 697 2034 nigrae
719 1969 854 2031 quarum
876 1970 984 2014 semen
1006 1972 1115 2014 menso
1136 1948 1286 2015 Ianuario

162 2059 302 2126 seratur,
331 2049 420 2114 albas
442 2071 575 2133 quarum
599 2047 735 2124 Martio,
765 2048 910 2114 rubentis
939 2070 1074 2132 querum
1096 2051 1219 2137 Aprili,
1253 2064 1286 2116 et

162 2150 303 2214 omnium
327 2173 437 2215 earum
458 2150 586 2237 plantas
607 2160 680 2235 post
701 2149 794 2215 binos
815 2172 943 2216 menses
966 2150 1097 2216 differri.
1134 2151 1284 2237 Diligen-
1300 2167 1348 2211 mo

163 2250 258 2314 tiores
271 2252 365 2335 plura
384 2273 504 2338 genere
518 2250 652 2328 faciunt,
675 2273 866 2336 purpureas,
890 2251 1023 2338 crispae,
1047 2250 1285 2337 Cappadociae,

163 2349 318 2430 Graecus,
341 2353 495 2438 longioris
518 2352 575 2416 hes
598 2352 653 2415 foli
676 2352 838 2435 caulisque
860 2352 932 2429 lati,
954 2363 1122 2437 praeterea
1142 2353 1232 2442 longi
1254 2364 1286 2419 et

162 2452 308 2537 angusti,
331 2452 437 2518 intubi
459 2451 586 2529 similie3
623 2450 796 2537 pessimum
820 2461 925 2518 autem
946 2475 1050 2539 genus
1072 2476 1144 2518 cum
1167 2476 1283 2539 expro-

162 2623 255 2670 minem
267 2630 380 2674 veterum
392 2625 440 2674 nisi
452 2624 563 2674 Plinium
575 2625 592 2673 l.
605 2624 623 2673 l.
635 2625 667 2673 de
678 2624 861 2687 germinatione
878 2639 935 2673 oum
948 2633 1085 2673 ceterorum
1099 2626 1200 2674 illerum
1211 2626 1284 2688 plan·

162 2698 244 2738 torum
261 2698 316 2740 tum
332 2701 434 2742 mentae
450 2700 591 2756 spontanee
603 2693 742 2756 quidquem
754 2691 863 2750 dicetur,
881 2691 1002 2754 Appuleii
1015 2699 1100 2741 temen
1112 2693 1176 2741 illud
1188 2695 1284 2742 eddim·

161 2765 275 2807 mentum
291 2761 401 2823 primum
418 2775 448 2810 cs
460 2761 491 2808 de
503 2774 579 2809 cause
591 2761 635 2808 vix
646 2761 672 2808 ln
685 2759 869 2809 dubitationem
881 2760 965 2808 voonri
976 2766 1073 2822 potest,
1091 2761 1151 2822 quia
1162 2761 1238 2809 verua
1249 2761 1285 2810 ito

162 2823 308 2887 collocavit,
334 2835 364 2877 ut
384 2829 415 2877 de
435 2841 519 2876 errore
539 2827 630 2877 calami
651 2828 759 2890 cogitari
780 2833 901 2889 nequest,
928 2833 982 2875 tum
1004 2829 1072 2890 qnod
1089 2829 1156 2891 opud
1172 2826 1283 2878 Plinium

161 2894 286 2956 permulta
298 2895 425 2958 leguntur,
438 2909 503 2959 quae
515 2894 574 2944 alibi
585 2910 639 2944 non
650 2895 771 2956 invenies,
781 2894 890 2956 denique
899 2894 1051 2956 quodetiam
1065 2895 1117 2943 olio
1126 2896 1185 2944 loco
1194 2905 1285 2945 natum

160 2969 260 3010 mentes
276 2978 334 3013 cum
350 2965 439 3013 ceteris
455 2963 549 3026 plantis
560 2964 765 3013 commemoratis
777 2962 940 3025 componitur
951 2959 1006 3023 (19,
1021 2960 1099 3023 ltu),
1117 2962 1158 3012 ubi
1172 2965 1284 3013 maximo

161 3029 224 3078 hooc
235 3032 324 3081 verbe:
342 3030 450 3096 conprut‘t
460 3027 571 3092 (ments)
580 3028 668 3094 puleio,
681 3029 748 3079 cuius
758 3038 848 3079 natura
859 3027 884 3076 ιἰι
896 3028 1015 3078 carnariis
1026 3029 1176 3092 reflorescens
1187 3029 1284 3095 saepius

160 3093 224 3144 dicta
236 3104 276 3159 est,
289 3099 409 3164 Appuleii
422 3099 560 3147 lectionem
572 3100 730 3148 confirment.
750 3139 781 3147 ..
800 3103 887 3161 nepote
899 3099 962 3146 scd.
987 3105 1062 3160 nepte,
1074 3098 1171 3163 Appul.
1190 3106 1282 3162 nepeta,

160 3159 209 3226 βγ.
229 3205 260 3213 ..
288 3163 377 3279 {onero
389 3164 464 3228 pluro
478 3181 579 3229 ponera,
597 3166 661 3215 hoec
676 3174 778 3230 sumpts
793 3173 852 3216 sunt
864 3179 896 3215 ox
909 3165 1042 3233 Theophr.
1054 3166 1113 3216 hist.
1128 3167 1208 3231 plant.
1220 3166 1282 3217 vn.

161 3237 272 3289 4,6...
314 3232 433 3293 caio,r.
618 3256 621 3261 ·

194 3300 208 3360 ξ
229 3304 285 3347 124.
316 3250 442 3359 Ιύριιιίπι,
465 3301 641 3362 Theophrast·
654 3301 671 3349 l.
689 3300 707 3347 l.
729 3298 792 3349 VII.
811 3305 838 3359 6,
855 3305 879 3348 3.
903 3341 934 3349 -
967 3316 1025 3349 mro
1037 3300 1102 3362 folio
1122 3317 1164 3349 παι
1184 3300 1282 3364 hirsuto,

160 3365 225 3414 Pint.
244 3407 275 3414 -
300 3365 417 3429 pluribus,
436 3383 486 3416 om.
503 3367 571 3416 Pint.
590 3406 623 3415 ..
648 3364 735 3415 semine
750 3365 843 3430 morini,
860 3367 949 3418 Delco.
969 3408 999 3417 ..
1023 3366 1059 3416 Et
1074 3367 1282 3431 sauciantem

160 3430 247 3493 (codd.
261 3433 332 3494 Gcl.)
354 3433 390 3482 Et
399 3435 479 3482 sativa
490 3442 576 3493 autem,
588 3447 629 3482 ec.
650 3431 699 3482 Est
709 3440 786 3481 aulem
798 3434 876 3494 satiei,
888 3450 908 3483 r.
927 3476 957 3483 -
977 3433 1135 3497 effluentiae,
1147 3439 1182 3486 cd
1193 3437 1280 3499 (codd,

161 3500 229 3557 Gel.)
256 3499 405 3566 dfferontio,
422 3518 460 3552 ar.
480 3543 510 3551 ..
539 3499 633 3561 leviore,
650 3502 713 3550 eod.
741 3498 832 3560 latiore,
847 3502 920 3551 Brot.
938 3503 1114 3567 ox'l'heophr.
1129 3504 1187 3554 hist.
1200 3507 1280 3568 plaut..

159 3568 220 3616 VII.
235 3575 257 3626 4,
271 3574 294 3617 6.
312 3564 390 3618 τὰδὲ
402 3564 473 3635 (ἔχει
486 3564 602 3632 φύλλον)
609 3564 767 3631 parumper
779 3563 824 3616 καλ
836 3563 1012 3632 πλατύτερον,
1025 3566 1123 3619 καυλὸν
1136 3569 1168 3619 δὲ
1184 3569 1278 3632 μείζω.

194 3638 208 3698 ξ
223 3641 278 3685 125.
296 3635 419 3685 Lactucae
433 3636 529 3698 Gracci,
545 3637 677 3700 Theophr.
691 3635 885 3693 1.1.V11.4,s.
904 3676 935 3684 -
954 3635 1047 3698 ostrolo,
1059 3639 1095 3686 cd
1107 3639 1176 3701 (libri
1189 3640 1280 3702 optimi

160 3717 199 3764 ap.
212 3703 320 3754 Salmas.
333 3719 416 3754 exerc.
427 3720 452 3769 p.
465 3709 523 3756 896.
535 3719 557 3754 u
567 3701 611 3766 F.)
629 3701 737 3764 bestiola,
750 3705 823 3753 codd.
836 3704 948 3764 Barbari,
960 3698 989 3764 β.
1007 3704 1103 3767 tertiolo,
1114 3722 1137 3756 e.
1156 3721 1248 3767 ιιναιαπ,
1259 3721 1280 3764 τ,

159 3768 212 3817 τῶν
229 3767 262 3817 δὲ
277 3767 408 3819 πλατειῶν
425 3767 497 3820 αύτια
514 3769 588 3829 τινὲς
602 3766 781 3821 πλατύκαυλοι
796 3767 943 3834 γίγνονται,
961 3762 1029 3820 ὥστ’
1047 3768 1140 3830 ένίους
1154 3768 1221 3835 φασι
1233 3769 1280 3829 καλ

159 3832 261 3898 ύύραις
267 3836 388 3903 χρῆσθαι
400 3839 575 3906 κηπωρικαῒς,
587 3839 720 3903 Theophr.
733 3839 749 3888 l.
761 3838 778 3887 l.
791 3839 853 3888 VII.
866 3846 889 3898 4,
903 3844 926 3888 5.
946 3879 977 3889 ..
995 3839 1036 3900 eis,
1049 3855 1070 3889 τ.
1090 3880 1120 3888 -
1139 3847 1165 3893 ut
1176 3838 1241 3899 alili,
1253 3842 1278 3894 d,

159 3911 183 3950 et
193 3901 260 3963 alibi,
272 3920 314 3954 ac.
332 3946 363 3955 ..
382 3906 529 3972 nutrimentp,
540 3908 573 3958 Κ.
593 3947 624 3956 -
642 3907 795 3966 Laconicum,
807 3922 849 3955 ec.
872 3905 1012 3968 Latonium,
1025 3911 1049 3956 d.
1072 3905 1215 3966 Laconicen,
1227 3900 1278 3971 βγ,

160 4011 190 4019 -
210 3969 293 4032 colore,
306 3974 379 4022 codd.
393 3974 449 4024 Gcl.
467 3972 559 4036 coloris,
571 3977 635 4025 eod.
653 4015 683 4024 ..
703 3983 812 4038 tempore,
824 3975 895 4024 codd.
909 3973 965 4029 Gel.
985 3974 1089 4037 tempori,
1102 3989 1143 4023 ec.
1162 3975 1279 4037 temporis,

159 4040 183 4088 d.
203 4079 234 4087 ..
253 4046 286 4100 at,
298 4056 317 4090 r.
337 4082 368 4089 -
387 4039 414 4089 di
434 4040 490 4102 ατί,
501 4043 565 4091 scd,
582 4041 678 4104 deferri,
689 4044 768 4093 Hurd.
781 4043 865 4102 tacite,
877 4055 902 4106 γ.

193 4109 208 4169 ξ
226 4113 289 4157 126.·
312 4105 380 4172 Oopp
441 4108 485 4170 ιἀι,
500 4110 554 4159 Τὰ.
583 4106 758 4173 Cappadotioe,
775 4126 798 4160 e.
827 4108 1015 4173 Cappadocicos,
1034 4101 1082 4156 θα.
1112 4105 1277 4173 Cappadocus,

158 4177 230 4224 codd.
244 4175 300 4225 (Iol.
312 4172 361 4239 βγ.
381 4217 412 4226 ..
436 4174 547 4239 Ιοπριοτιζι
558 4175 604 4224 λιιι
614 4175 703 4240 lotique
712 4176 801 4237 ιαιιῑίι,
814 4185 941 4241 praetereo
943 4174 1005 4240 folii
1016 4173 1086 4239 Iuppi,
1098 4177 1130 4225 K.
1153 4176 1278 4241 Locuples-,e

158 4241 402 4307 trifolio-caulesque
413 4241 463 4303 loti,
476 4260 495 4293 r.
509 4283 539 4293 ...
558 4242 653 4305 imbrs,
666 4246 728 4294 scd.
742 4285 773 4297 ,.
791 4243 883 4306 mue,
896 4246 920 4293 d.
937 4241 1033 4303 αιἰπίἱιε,
1045 4257 1102 4300 scr.
