2896 4792
133 249 174 314 54
477 265 681 313 nannenus
703 266 897 315 fflsnorune

132 414 233 501 ungui
255 416 320 481 volt
340 415 516 500 meliorque
535 416 571 480 fit
585 417 672 493 ole03
695 417 780 482 colos
795 416 875 481 mire
889 416 1086 481 adulteratur
1098 418 1251 505 iuglande

132 538 169 581 ac
190 516 260 602 piro
283 517 421 582 silvestri
444 517 551 582 tinctis
572 528 667 601 atque
681 518 715 581 in
730 517 939 582 medicamine
956 517 1107 583 decoctis.
1132 517 1250 585 Omni-

132 617 193 682 bus
215 639 298 700 quae
319 617 460 682 diximus
482 618 586 704 spissa
605 618 747 683 firmitas.
776 616 830 681 Ab
851 618 902 682 his
923 641 1080 704 proxuma
1105 631 1155 687 est
1178 642 1250 696 cor,-
1265 637 1314 684 noa

132 742 206 796 nus,
233 740 426 803 quamquam
451 741 516 784 non
545 729 652 806 potest
677 719 779 784 videri
805 719 953 784 materies
975 731 1106 806 propter
1126 720 1251 786 exilita-

135 833 213 898 tem,
243 820 300 884 se'd
327 819 451 906 lignum
476 842 541 884 non
567 819 628 885 alio
656 842 759 905 paene
784 840 881 904 quam
909 819 951 883 ad
976 820 1083 885 radios
1109 831 1253 888 rotarum

52 979 57 998 ,
133 921 211 988 utile
234 931 288 986 aut
310 922 338 986 si
360 922 439 1006 quid
460 922 663 987 cuneandum
690 921 732 985 sit
757 921 790 985 in
811 921 900 1006 ligno
925 920 1065 986 clavisve
1085 921 1253 1009 figendum

134 1046 193 1089 eeu
215 1022 346 1098 ferreis3
368 1021 433 1086 ilex
454 1022 531 1086 item
553 1032 585 1086 et
606 1021 742 1086 oleaster
755 1032 788 1087 et
802 1022 872 1087 olea
886 1031 982 1105 atque
996 1032 1157 1101 castanea,
1178 1045 1252 1088 oar·

133 1125 240 1212 pinus,
262 1125 410 1211 populus.
433 1122 526 1188 Haeo
541 1132 573 1186 et
588 1122 695 1208 crispa
716 1123 818 1188 aceris
839 1123 946 1199 modo,
969 1122 996 1186 si
1017 1123 1083 1187 ulla
1103 1123 1252 1188 materies

132 1227 249 1301 idonea
269 1234 355 1290 essct
374 1225 471 1288 ramis
493 1245 588 1309 saepe
610 1223 787 1309 deputatis3
810 1224 961 1288 castratio
981 1223 1036 1288 illa
1056 1235 1105 1289 est
1124 1225 1252 1289 adimit·

134 1348 197 1411 que
212 1325 300 1392 viris.
322 1324 377 1390 De
391 1336 497 1390 cetero
518 1324 679 1410 plerisque
700 1347 810 1389 eorum
832 1325 889 1389 sed
911 1324 1021 1408 utique
1042 1324 1149 1390 robori
1163 1336 1253 1390 tanta
1266 1341 1315 1387 rot
1343 1310 1348 1318 .

134 1427 252 1493 duritia
282 1437 319 1491 ut
353 1426 507 1492 terebrari
538 1424 602 1490 nisi
627 1426 843 1490 madefactum
872 1448 936 1490 non
963 1436 1059 1511 queat
1086 1437 1119 1491 et
1144 1427 1253 1492 nesio

134 1528 264 1615 quidem
286 1527 418 1593 adactus
445 1526 538 1592 avelli
566 1527 690 1603 clavos3
723 1549 741 1592 e
769 1525 897 1593 diverso
926 1526 1048 1593 olavom
1074 1549 1139 1591 non
1165 1537 1254 1592 tenet
1300 1609 1303 1615 Ι

134 1629 259 1699 cedrus.
281 1627 473 1693 Mollissima
494 1626 577 1703 tilia3
600 1627 713 1692 eadem
727 1627 855 1693 videtur
874 1638 907 1693 et
921 1627 1130 1703 calidissima3
1153 1650 1252 1714 argu-

134 1740 278 1795 mentum
299 1729 458 1806 adferunt,
481 1727 567 1812 quod
588 1726 742 1792 citissime
763 1728 866 1793 ascias
887 1729 1046 1793 retundat.
1069 1726 1201 1795 Calidae
1220 1740 1255 1795 et

135 1853 253 1907 morus,
275 1829 396 1905 laurus,
417 1828 536 1892 hedera
556 1837 590 1892 et
609 1849 729 1906 omnes,
751 1850 769 1893 e
790 1827 907 1913 quibus
927 1829 1065 1914 igniaria
1084 1829 1175 1895 fiunt.

179 1933 230 1994 77.
250 1929 501 2015 Exploratorum
515 1929 576 1993 hoc
590 1951 669 1994 usus
688 1929 724 1992 in
744 1930 857 1995 eastris
878 1940 1105 2015 pastorumque
1123 1931 1253 2016 reperit,
1268 1946 1317 1992 soa

135 2031 287 2115 quoniam
315 2030 357 2094 ad
386 2030 610 2095 excudendum
627 2030 822 2117 ignemnon
845 2052 970 2116 semper
990 2031 1107 2116 lapidis
1128 2031 1254 2098 occasio

138 2142 197 2197 est.
234 2132 363 2196 Teritur
392 2154 469 2218 ergo
496 2132 621 2217 lignum
645 2131 736 2218 ligno
766 2132 937 2219 ignemque
964 2130 1106 2218 concipit
1133 2133 1254 2208 attritu,

137 2233 316 2318 excipiente
338 2233 472 2297 materia
491 2231 572 2297 aridi
594 2232 726 2309 fomitis,
752 2232 844 2318 fungi
865 2233 917 2296 vel
939 2233 1087 2298 foliorum
1106 2233 1255 2298 facillimo

138 2345 311 2418 conceptu3
342 2333 399 2397 sed
424 2332 504 2396 nihil
529 2332 648 2398 hedera
668 2332 884 2418 praestantius
906 2355 988 2416 quas
1009 2344 1139 2411 teratur,
1165 2335 1255 2400 lauro

137 2455 221 2518 quae
242 2444 339 2510 terat3
369 2434 523 2521 probatur
545 2444 577 2499 et
597 2433 674 2498 vitis
696 2432 862 2510 silvestris,
892 2432 953 2499 alia
978 2456 1074 2516 quam
1094 2433 1254 2512 labrusca,

138 2545 172 2600 et
192 2536 264 2620 ipsa
284 2534 421 2601 hederae
442 2535 537 2601 modo
558 2533 707 2601 arborem
729 2534 895 2600 scandens.
917 2533 1143 2622 Frigidissima
1155 2557 1254 2619 quae-
1268 2549 1318 2594 eos

165 2743 201 2805 fit
212 2740 275 2802 oleo‚·
291 2740 361 2804 eche,
377 2743 414 2792 ita
430 2758 477 2793 nos
493 2743 639 2806 scripsimus
650 2750 785 2806 praeeunte
796 2742 922 2801 Barbam,
938 2742 982 2803 qni
994 2738 1044 2788 oleo
1055 2741 1206 2790 emendavit
1220 2741 1257 2804 fit

68 2850 71 2854 .
139 2806 271 2871 oleaeolos,
284 2824 306 2858 a.
321 2811 364 2873 fit.
382 2807 447 2858 oleae
458 2807 515 2869 olor,
528 2812 552 2858 d.
570 2807 620 2857 oleo
623 2810 665 2872 fit.
686 2806 761 2868 Calos,
773 2804 824 2871 βγ.

174 2875 259 2936 §eud
284 2875 353 2924 modo
367 2875 446 2936 atile's5
468 2874 568 2932 stalla,
585 2875 618 2926 K.
637 2914 668 2924 ..
694 2889 765 2937 sepse
775 2872 936 2936 deputatae.
960 2869 1166 2934 deputatasaepe,
1180 2873 1204 2920 d.
1223 2913 1255 2921 -

139 2959 190 2992 nan
208 2943 276 2992 ee'lla
294 2944 328 2993 K.

174 2960 258 3070 ξΡ207.
277 2981 370 3068 ’loram
386 3001 415 3058 θ.
440 3010 481 3058 De
496 3024 523 3057 re
534 3024 557 3056 v.
570 3007 701 3069 Theophr.
714 3007 731 3055 l.
743 3007 761 3055 l.
773 3007 807 3055 V.
820 3011 844 3066 3,
856 3012 880 3054 3.
900 3046 930 3054 -
955 3003 1052 3065 duritia,
1065 3005 1138 3054 Tad.
1166 3002 1257 3053 duritia

140 3086 181 3138 est,
193 3072 244 3141 βγ.
258 3117 289 3126 ..
311 3074 410 3124 Calidae
421 3091 507 3134 morus,
519 3092 538 3124 r.
552 3114 583 3123 ..
602 3072 692 3130 ledere,
705 3075 749 3121 ad.
763 3112 794 3121 ..
813 3087 897 3130 omnes,
909 3087 932 3120 a.
951 3070 1048 3133 lemine,
1061 3074 1119 3121 d.-
1137 3087 1157 3132 e,
1169 3088 1220 3121 om.
1233 3089 1256 3122 a.

174 3149 258 3209 5208.
276 3141 317 3204 ad,
329 3158 379 3191 om.
393 3158 416 3191 a
435 3182 466 3191 ..
485 3138 659 3200 excludendam,
675 3132 746 3189 Oad.
770 3137 937 3198 excutiendam,
949 3156 961 3188 r
973 3137 1051 3200 (unus
1062 3140 1204 3190 Vossianus
1215 3155 1256 3203 ap.

140 3212 256 3263 Oudend.
268 3214 300 3260 ad
311 3210 426 3260 Frontis.
439 3209 459 3257 Ι.
474 3215 513 3268 12,
528 3205 580 3269 10.)
599 3247 631 3256 ..
646 3204 769 3270 facillimo
779 3214 897 3270 conceptu,
914 3209 954 3256 dr.
972 3204 1094 3270 facillime
1104 3214 1221 3270 concepta,
1233 3223 1256 3257 a.

131 3277 252 3343 facillime
264 3283 380 3339 mneeptn,
392 3284 464 3326 vetus
476 3276 600 3339 scriptura
611 3290 651 3338 ap.
665 3274 772 3324 Salmas.
784 3289 866 3324 exerc.
878 3290 904 3338 p.
918 3277 973 3325 127.
985 3290 1009 3324 a.
1022 3274 1051 3326 C.
1069 3272 1191 3338 facillime
1202 3290 1256 3322 eon·

140 3343 281 3408 apientiam,
293 3345 326 3393 Κ.
341 3341 463 3406 facillime
474 3348 614 3404 conceptum,
625 3337 654 3403 β.
669 3339 787 3404 facillimi
796 3349 925 3404 cosmus,
937 3349 960 3390 et
971 3339 1036 3403 nihil,
1049 3342 1157 3392 Salmas.
1179 3344 1219 3393 De
1230 3356 1257 3390 re

120 3438 122 3442 ,
139 3429 163 3461 v.
176 3411 306 3473 Theophr.
318 3411 335 3459 l.
348 3411 366 3458 l.
379 3409 413 3458 V.
426 3416 450 3471 0,
463 3415 487 3459 5.
506 3451 537 3458 ..
561 3417 651 3458 teratur
663 3407 730 3458 lauro
742 3407 881 3471 laurumque
893 3417 962 3470 terat,
974 3426 994 3459 r.
1015 3421 1043 3457 '-
1067 3417 1090 3457 et
1106 3407 1256 3466 siluestribus,

140 3480 212 3529 Tad.
231 3476 405 3538 esilveatrt'hae,
420 3480 493 3526 codd.
506 3477 612 3527 Salmas.
626 3493 708 3526 exerc.
721 3493 745 3541 p.
760 3481 816 3526 126.
828 3478 853 3527 b.
866 3476 895 3527 O.

122 3569 124 3572 ·
174 3548 189 3608 ξ
202 3549 259 3594 200.
277 3543 445 3622 litqidnsima
457 3546 511 3604 rel,
528 3560 552 3593 v.
565 3546 697 3622 {Pheophn
710 3546 728 3595 1.
740 3546 757 3594 l.
770 3545 803 3623 V.
816 3551 841 3605 3,
853 3552 878 3594 4.
896 3583 929 3592 -
951 3541 1076 3620 deditque,
1089 3545 1132 3592 ad.
1156 3538 1256 3618 clandit-

139 3607 1256 3744 1111111111111111111111111111111
1331 3721 1338 3730 ,

140 3747 206 3796 tibus
222 3748 338 3809 detegere
353 3748 396 3796 vix
413 3763 497 3810 queas.
516 3789 547 3797 ..
567 3745 669 3805 betuilla,
685 3763 707 3797 a.
726 3785 758 3796 ..
775 3747 881 3805 eadm,
898 3762 920 3794 a.
938 3784 970 3792 ..
981 3743 1058 3804 fleam
1077 3758 1122 3804 pro
1134 3744 1161 3790 h.
1173 3757 1197 3790 v.
1209 3743 1255 3791 ha-

139 3815 200 3863 hent
215 3813 275 3862 aaut
290 3815 335 3864 ad.
353 3855 384 3863 ..
403 3822 489 3875 auten,
507 3817 598 3864 Tadr.
624 3821 701 3862 autem
718 3806 837 3873 etiamst.
854 3838 886 3862 .*.
906 3808 1034 3873 fistolae.
1053 3849 1084 3859 ..
1106 3817 1216 3871 constent,
1233 3825 1255 3859 a.

140 3897 191 3929 cam
204 3889 271 3942 testa,
284 3884 307 3931 d.
325 3889 438 3944 constant,
449 3877 500 3946 βγ.
518 3923 550 3932 ..
569 3880 678 3945 rigorem,
690 3896 713 3929 a.

175 3951 258 4012 5210.
286 3947 372 4010 letitia,
389 3965 411 3999 a
438 3948 520 4011 letias,
536 3952 560 3999 d.
584 3989 616 3998 ..
642 3945 863 4008 armamentisque,
883 3939 996 3995 OTadr.
1023 3943 1215 4006 cenomannisque,
1226 3940 1256 4004 β.

142 4016 361 4079 monumentisque,
378 4017 523 4068 Schneider.
539 4019 572 4065 ad
587 4015 719 4078 Theophr.
736 4015 795 4062 hist.
807 4014 886 4076 plant.
899 4012 932 4061 V.
945 4017 969 4072 ³,
983 4017 1005 4060 5.
1023 4026 1047 4074 p.
1061 4017 1118 4062 428.
1135 4026 1257 4075 perquam

141 4083 316 4147 probabiliter3
334 4084 401 4134 conl.
414 4083 531 4133 comeatlo
544 4087 585 4143 06,
599 4088 655 4132 180.
673 4120 704 4137 .,.
722 4080 755 4128 sit
765 4087 798 4139 nt,
810 4094 833 4128 a.
851 4087 884 4139 at,
896 4080 920 4128 d.
940 4118 971 4128 ..
989 4077 1105 4141 inserion',
1119 4081 1142 4128 d.

175 4153 190 4213 ξ
203 4157 259 4200 211.
283 4150 385 4200 Palmae
395 4192 426 4200 ..
435 4149 556 4211 maerim
580 4152 714 4211 desumpta
729 4155 788 4197 sunt
805 4147 869 4197 haee
884 4148 972 4208 rerba,
1010 4162 1058 4196 uae
1073 4147 1110 4196 ita
1127 4147 1258 4195 ediderunt

141 4219 220 4268 Hard.
232 4232 257 4282 γ,
275 4233 308 4267 ex
320 4220 450 4282 Theophr.
463 4219 480 4266 1.
492 4217 557 4266 1in
569 4223 592 4276 ³,
607 4220 630 4266 6.
653 4211 669 4262 ὀ
686 4211 718 4263 δὲ
734 4210 828 4278 φοίνιξ
843 4213 949 4279 κοῦφος
963 4162 1010 4262 nal
1025 4208 1140 4277 εὔεργος
1150 4207 1195 4260 καὶ
1205 4225 1255 4272 μα-
