2896 4792
94 358 97 367 Ι
174 276 237 343 388
523 289 728 339 assumus
750 289 946 338 mssomsn

174 444 215 511 ab
245 443 316 509 aliis
338 456 536 529 tragopogon
560 453 702 518 vocatur,
731 440 817 506 soliis
839 463 930 506 croco
954 440 1139 518 simillimis,
1166 441 1308 526 parthe-

174 545 279 622 nium,
316 542 501 629 trychnum,
539 543 712 608 corchorus
752 554 785 609 et
816 542 858 608 ab
895 542 1096 626 aequinoctio
1131 553 1310 608 nascentes

174 645 314 731 aphace,
342 643 524 728 achynops3
554 644 724 729 epipetron
751 651 867 710 vocant
895 664 978 726 quae
999 664 1174 726 numquam
1194 643 1308 722 floret,

173 757 207 811 at
228 770 246 812 e
268 744 428 812 contrario
451 744 573 831 aphace
596 744 732 810 subinde
746 755 961 809 marcescente
977 744 1055 810 flore
1069 744 1186 809 emittit
1201 745 1308 810 alium

175 859 243 914 tota
263 847 367 913 hieme
389 857 519 930 totoque
541 868 616 910 vere
643 846 803 930 usquein
826 856 991 911 aestatem.

217 950 268 1014 53.
301 948 424 1014 Multas
446 957 613 1032 praeterea
634 946 785 1034 ignobilis
806 947 935 1025 habent,
960 946 1018 1012 sed
1039 968 1187 1012 maxume
1216 947 1309 1012 cele·
1324 966 1360 1010 eo

175 1049 269 1115 brant
299 1071 420 1117 cnecon
450 1047 564 1113 Italiae
592 1048 752 1136 ignotam,
786 1047 866 1134 ipsis
893 1060 1001 1114 autem
1022 1049 1107 1126 oleo,
1141 1069 1207 1112 non
1230 1047 1310 1114 cibo
1388 1105 1392 1110 ,

175 1163 316 1240 gratam3
344 1151 404 1216 hoc
424 1149 546 1214 faciunt
568 1171 585 1213 e
608 1149 729 1213 semine
751 1149 831 1214 eius.
864 1148 1056 1214 Differentia
1079 1148 1181 1232 prima
1205 1149 1309 1215 silve·
1349 1166 1362 1185 ⁸

177 1253 252 1318 stris
274 1263 306 1317 et
326 1252 444 1316 mitior.
467 1248 669 1316 Silvestrium
692 1250 774 1315 duae
797 1250 930 1336 species,
952 1272 1019 1315 una
1039 1250 1182 1327 mitiore,
1207 1250 1312 1315 simili

177 1354 284 1432 caule,
318 1366 423 1420 tamen
451 1352 576 1441 rigid03
609 1354 719 1436 itaque
746 1362 778 1416 et
801 1353 874 1417 colu
895 1351 1045 1435 antiquae
1067 1351 1241 1417 utebantur
1264 1376 1312 1418 ex

176 1455 249 1532 illis,
272 1478 373 1540 quare
395 1454 527 1538 quidam
549 1453 739 1536 atractylida
759 1464 876 1518 vocant
883 1477 892 1528 3
917 1476 1025 1518 semen
1045 1453 1114 1519 eius
1129 1454 1312 1520 candidum

177 1567 210 1622 et
230 1557 367 1643 grande,
390 1577 545 1620 amarum.
579 1553 694 1619 Altera
715 1554 884 1632 hirsutior,
907 1554 1060 1619 torosiore
1082 1555 1171 1619 caule
1193 1556 1312 1639 etqui

178 1680 281 1745 paene
313 1657 403 1722 humi
437 1667 564 1740 serpat,
597 1655 721 1719 minuto
755 1655 892 1730 semine3
929 1655 1145 1720 aculeatarum
1174 1656 1313 1743 generis

123 1822 129 1831 ,
178 1760 258 1826 haec
279 1770 343 1837 est,
372 1759 524 1842 quoniam
546 1756 775 1842 distinguenda
798 1770 872 1822 sunt
895 1769 927 1822 et
948 1779 1077 1843 genera.

202 1862 274 1927 ,54.
296 1861 386 1947 Ergo
408 1860 566 1943 quaedam
587 1858 759 1923 herbarum
781 1859 930 1943 spinosae
953 1870 1038 1937 sunt,
1061 1859 1219 1943 quaedam
1235 1862 1313 1927 sine
1328 1876 1359 1921 ar

182 1962 301 2048 apinis3
325 1963 527 2048 spinosarum
549 1961 666 2025 multae
682 1960 817 2047 species.
838 1959 878 2024 In
900 1971 1001 2026 totum
1025 1962 1116 2047 spina
1138 1972 1186 2026 est
1208 1984 1313 2047 aspa-

181 2085 296 2148 ragus,
326 2062 454 2148 scorpio
461 2086 470 2138 ;
492 2062 614 2127 nullum
638 2062 722 2125 enim
744 2061 857 2127 folium
877 2062 1005 2128 habent.
1044 2061 1213 2143 Quaedam
1237 2064 1312 2149 spi-

181 2185 261 2230 nosa
275 2162 386 2228 foliata
408 2174 493 2241 sunt,
515 2173 553 2226 ut
575 2162 725 2239 carduus,
748 2186 882 2252 erynge,
905 2163 1098 2250 glycyrriza,
1121 2165 1242 2242 urtica3
1267 2166 1314 2231 iis

181 2263 267 2329 enim
287 2263 436 2330 omnibus
459 2263 545 2329 foliis
565 2264 648 2329 inest
670 2264 813 2329 aculeata
828 2265 1031 2331 mordacitas.
1054 2265 1175 2350 Aliqua
1197 2278 1230 2330 et
1254 2290 1313 2333 se-

200 2440 278 2489 hraat.
289 2438 348 2489 hist.
360 2440 439 2504 plant.
453 2437 513 2488 VII.
529 2442 551 2498 7,
565 2445 587 2488 l.
605 2432 649 2486 καὶ
662 2435 875 2504 τραγοπώγωνα,
890 2434 920 2486 ὃν
933 2435 977 2488 καὶ
990 2435 1075 2507 κόμην
1087 2435 1226 2502 καλοῦσιν,
1240 2436 1313 2500 ὃς..

182 2456 310 2574 lya-re
323 2503 412 2571 φύλλα
424 2504 464 2572 τῷ
473 2503 562 2572 κρόκῳ
575 2502 664 2566 ὅμοια.
684 2506 743 2570 Ipse
754 2507 819 2557 Plin.
834 2510 874 2565 at,
889 2513 945 2556 142.
958 2509 1048 2558 habet:
1059 2506 1107 2556 Est
1118 2516 1140 2555 et
1151 2515 1313 2572 tragopogon,

184 2591 252 2639 quem
263 2574 310 2624 alii
319 2591 397 2624 comen
409 2582 501 2624 vocant.
518 2575 608 2626 Omitt.
620 2575 696 2624 RVd
712 2572 799 2637 (codd.
812 2573 882 2636 Gel.)
893 2571 944 2639 βγ.
964 2616 995 2624 ..
1023 2583 1177 2639 auyopayoa,
1190 2578 1256 2626 RV.
1277 2619 1311 2628 -

186 2641 329 2708 daguinum,
341 2644 405 2693 RV.
430 2651 543 2706 iwanum,
557 2643 580 2691 d.
603 2639 746 2706 strychnum,
758 2637 808 2706 βγ.
828 2683 859 2691 ..
878 2658 993 2702 corcorua,
1006 2645 1037 2693 R.
1057 2685 1087 2692 ..
1106 2651 1128 2690 et
1139 2643 1178 2704 ah,
1194 2635 1312 2696 Ov'rd.

185 2718 215 2772 at,
231 2707 309 2775 Ray.
334 2751 362 2759 ..
391 2717 518 2768 nascentes,
535 2710 648 2759 RVTd.
675 2725 780 2766 nascens,
800 2701 855 2769 θβ.
878 2751 908 2759 -
936 2709 1035 2773 aphace,
1053 2709 1179 2774 uelynopa
1196 2711 1312 2764 Salmas.

185 2779 300 2842 prolegg.
313 2780 346 2828 ad
358 2779 436 2842 hylen
448 2793 472 2841 p.
490 2783 513 2827 2.
540 2775 631 2840 aphace
648 2774 786 2840 aelinopoa
807 2770 829 2823 θ
845 2776 949 2841 (optimi
966 2779 1023 2828 libri
1039 2794 1081 2842 ap.
1098 2778 1206 2829 Salmas.
1223 2795 1312 2831 exerc.

185 2861 210 2910 p.
223 2850 280 2895 ela.
292 2861 315 2895 a.
329 2844 376 2906 A.)
399 2859 492 2908 apacea
503 2842 628 2908 olympus,
639 2845 673 2893 V.
701 2843 792 2907 apocha
803 2846 930 2908 acyaoffl.
954 2861 1046 2907 apaeea
1057 2847 1230 2910 cynopoa,Td.
1255 2847 1312 2897 clte-

185 2929 259 2977 aopas
273 2915 313 2963 vel
330 2928 423 2977 cynopa,
441 2913 514 2962 codd.
527 2911 639 2961 Barbari.
668 2907 928 2975 aplacaacinoassy.
956 2912 1015 2977 Ipse
1027 2913 1135 2964 Salmas.
1152 2915 1228 2963 etiam
1245 2915 1312 2965 achi·

185 2996 257 3044 nopes
268 2982 309 3031 vel
320 2978 449 3043 unclincps
461 2980 512 3042 legi
522 2994 597 3043 posse
609 2987 694 3041 putat3
712 2981 837 3058 sed'apud
848 2981 978 3043 Theophr.
990 2982 1140 3062 histnplant.
1152 2970 1214 3062 Vll
1230 2989 1272 3044 ll,
1285 2990 1312 3034 2.

185 3042 1311 3178 tttltt.itittillidi.dtdtdtildlld'tll'tltttl..itt

186 3178 297 3248 ἀφάκης
312 3177 357 3230 καὶ
374 3178 531 3247 ἀχύνωπος,
548 3183 592 3231 ubi
603 3182 681 3245 vulgo
694 3190 777 3232 exstat
792 3177 837 3230 nul
849 3182 899 3231 τοῦ
910 3179 1041 3242 adamatae.
1068 3183 1137 3234 Illud
1151 3186 1225 3235 unice
1236 3200 1312 3237 com-

186 3252 307 3299 mendant
323 3251 422 3300 codices
438 3248 523 3310 Plinii,
541 3251 584 3312 qui
600 3265 686 3299 rursus
702 3250 786 3313 priore
803 3252 975 3315 Theophrasti
990 3253 1050 3301 loco
1067 3253 1255 3302 confirmantur.
1276 3295 1311 3305 ..

214 3316 313 3382 metron,
325 3319 429 3369 RVTd
441 3316 527 3381 (codd.
537 3314 658 3378 Salmas.)
676 3333 747 3379 qaam
759 3317 886 3382 epipetron,
897 3320 1001 3370 Barbar.
1013 3315 1042 3380 β.
1061 3313 1121 3367 ἔνια
1132 3316 1165 3368 δὲ
1176 3316 1221 3369 nal
1235 3316 1313 3381 ὅλως

185 3333 302 3451 zarda,
318 3382 442 3450 καθάπερ
458 3380 503 3434 ral
521 3380 552 3433 τὸ
566 3380 720 3449 salutemur,
738 3387 871 3451 Theophr.
884 3387 943 3437 hist.
955 3388 1035 3450 plant.
1049 3387 1111 3437 VH.
1125 3390 1147 3448 7,
1160 3394 1183 3437 3.
1201 3395 1312 3450 atquem

186 3453 313 3518 epipetron,
329 3455 416 3506 Dalec.
443 3468 514 3516 qaum
531 3452 665 3516 epimetroa
682 3454 749 3503 Pint.
773 3495 803 3503 -
823 3455 923 3518 floreat,
936 3456 959 3503 d.
978 3495 1010 3504 ..
1034 3461 1092 3515 ate,
1111 3456 1143 3505 R.
1169 3453 1205 3503 ad
1220 3471 1255 3518 eo,
1274 3458 1311 3508 V.

185 3519 290 3583 adead.
310 3562 342 3571 ..
359 3536 442 3584 space,
454 3521 538 3571 BVd.
556 3520 591 3569 V.
603 3521 736 3585 Theophr.
748 3521 765 3571 l.
777 3521 870 3572 l.VIL
885 3524 908 3583 7,
920 3529 944 3572 4.
962 3563 994 3571 ..
1012 3519 1125 3582 subinde,
1137 3522 1171 3572 V.

220 3625 288 3687 590.
306 3620 396 3683 Malta,
407 3624 440 3673 R.
459 3663 490 3672 -
509 3637 601 3683 mecca,
613 3623 644 3673 R.
668 3638 748 3684 accan,
761 3623 815 3673 Vd.
838 3622 927 3684 camon,
938 3618 990 3686 βγ.
1008 3622 1059 3685 εἰεί,
1072 3624 1183 3674 Turneb.
1195 3625 1253 3674 adv.
1269 3631 1311 3689 lt,

187 3695 211 3741 9.
233 3690 267 3740 V.
284 3690 428 3741 Schneider.
445 3693 477 3740 ad
493 3691 626 3754 Theophr.
643 3690 674 3739 T.
690 3692 724 3741 V.
741 3706 766 3755 p.
779 3696 836 3741 416.
853 3707 873 3740 s.
885 3706 909 3739 v.
926 3693 1031 3755 κνῆκος.
1050 3731 1081 3742 -
1104 3699 1208 3756 protam,
1220 3693 1256 3742 V.
1276 3734 1310 3744 -

185 3754 300 3806 dumah
311 3756 431 3818 stultior,
443 3758 518 3808 RVd
530 3755 618 3819 (codd.
631 3757 739 3809 Salmas.
751 3773 834 3808 exerc.
845 3773 871 3822 p.
882 3763 939 3808 629.
950 3760 976 3809 b.
988 3756 1031 3820 F.)
1048 3756 1162 3807 aleuas
1173 3767 1196 3807 et
1206 3758 1312 3824 sativae,

185 3819 235 3889 βγ.
257 3826 292 3875 V.
306 3825 435 3888 Theophr.
449 3826 510 3876 hist.
522 3826 602 3890 plant.
614 3825 663 3875 VL
675 3833 700 3885 4,
714 3832 736 3875 5.
756 3867 787 3875 ..
811 3824 910 3886 mitiora,
921 3825 977 3876 Rs.
1000 3824 1096 3886 mitiori,
1113 3829 1185 3876 codd.
1198 3827 1312 3880 sumas.

185 3892 263 3940 miahr
280 3900 327 3953 eat,
345 3888 426 3958 de.
450 3935 481 3942 -
507 3893 633 3956 salmace,
651 3893 765 3944 RVTd.
794 3892 907 3956 caducae
924 3891 1045 3954 mulieres,
1066 3896 1140 3944 codd.
1158 3895 1267 3946 Barbari
1285 3904 1314 3949 et

186 3958 295 4020 Galerii,
303 3955 354 4025 ssy.
365 4002 396 4010 ..
409 3960 484 4022 exilu,
493 3963 567 4012 codd.
576 3960 690 4010 Barbari.
701 4001 732 4010 ,
746 3958 846 4022 quidem,
856 3962 888 4010 R.
902 4001 933 4010 -
946 3958 1101 4026 atractylida,
1110 3964 1182 4012 codd.
1192 3962 1312 4017 Barbari.

186 4025 313 4091 atrayldla
329 4027 385 4078 Vd.
411 4027 533 4089 ausitide,
549 4028 582 4078 B.
609 4028 643 4077 V.
659 4028 742 4077 schol.
760 4029 793 4076 ad
809 4028 917 4079 Theoer.
935 4037 958 4091 4,
972 4033 1012 4078 52.
1031 4069 1063 4079 ..
1082 4028 1187 4090 torsere,
1200 4029 1257 4081 Vd.
1281 4072 1318 4083 -

185 4100 208 4142 at
217 4110 314 4161 genera
325 4095 377 4146 Rd.
394 4111 489 4160 yenera,
501 4095 565 4146 VT.

220 4193 235 4255 ξ
247 4201 289 4246 91.
311 4195 383 4260 spina
393 4204 436 4257 cat,
453 4210 512 4247 cam
527 4195 626 4247 duobus
641 4195 786 4248 nominibus
802 4196 1013 4260 subsequentibus
1028 4211 1116 4248 verum
1128 4197 1237 4247 asserir
1249 4212 1313 4262 poa-

186 4262 231 4325 sit,
248 4279 329 4326 nunc,
346 4264 406 4328 quia
421 4263 487 4314 infra
502 4261 590 4312 asar
605 4277 639 4314 ex
656 4263 729 4315 codd.
746 4269 785 4315 est
800 4265 956 4328 restitutum,
973 4265 1096 4316 maiorem
1113 4265 1191 4316 etiam
1207 4264 1312 4319 dehita·
