2896 4792
366 277 437 325 nm.
452 278 528 326 xv1.
558 278 636 326 csr.
652 277 780 325 xxxrx.
796 279 855 325 χι.
887 277 985 326 sncr.
1000 281 1032 324 n.
1218 263 1258 327 53

141 431 264 495 tudine.
287 428 390 494 Abies
407 428 624 494 admirationis
646 427 837 515 praecipuae
859 428 928 495 visa
950 430 1053 494 estin
1075 452 1155 494 nave
1176 451 1257 514 quae

141 555 181 596 ex
202 531 358 617 Aegypto
374 527 438 594 Gai
460 529 617 616 principis
637 531 728 594 iussu
749 528 925 595 obeliscum
947 531 980 595 in
993 529 1152 596 Vaticano
1174 530 1258 596 circo

141 640 295 698 statutum
323 641 537 716 quattuorque
567 641 697 695 truncos
724 631 842 714 lapidis
870 631 1013 696 eiusdem
1035 632 1077 695 ad
1099 631 1259 696 sustinen-

140 734 218 798 dum
239 755 312 798 eum
334 730 479 809 adduxit,
501 752 567 815 qua
587 754 670 797 nave
684 731 763 796 nihil
781 731 999 797 admirabilius
1014 732 1118 797 visum
1132 732 1163 796 in
1180 733 1259 796 mari

141 844 263 899 certum
284 844 348 910 est;
371 837 427 891 cx‘i
451 832 627 898 modiorum
648 833 742 898 lentis
764 855 821 918 pro
837 832 972 897 saburra
993 832 1022 897 ei
1045 834 1144 899 fuere.
1168 833 1258 898 Lon·
1273 851 1322 894 roa

140 935 255 1022 gitudo
283 932 422 1019 spatium
454 932 591 1016 optinuit
619 955 736 1018 magna
766 955 807 997 ex
834 943 926 1018 parte
955 932 1116 999 Ostiensis
1148 945 1260 1020 portus

140 1037 240 1102 latere
265 1036 372 1108 laev03
405 1031 452 1098 ibi
481 1054 618 1117 namque
653 1034 799 1099 demersa
827 1045 876 1099 est
901 1057 921 1098 a
950 1031 1088 1100 Claudio
1114 1035 1259 1122 principe

140 1158 214 1201 curn
242 1134 343 1201 tribus
372 1132 508 1198 molibus
542 1133 677 1198 turrium
709 1134 875 1200 altitudine
908 1135 941 1199 in
974 1158 1012 1199 ea
1044 1136 1259 1202 exaedificatis

140 1236 243 1302 obiter
256 1235 431 1301 Puteolano
453 1234 586 1319 pulvere
601 1236 815 1320 advectisque.
840 1235 975 1302 Arboris
991 1236 1059 1301 eius
1082 1236 1258 1302 crassitudo

140 1348 290 1422 quattuor
315 1336 480 1401 hominum
506 1336 600 1401 ulnas
626 1337 894 1423 conplectentium
916 1336 1070 1420 inplebat,
1101 1339 1258 1424 volgoque

140 1437 268 1502 auditur
293 1437 456 1523 octoginta
481 1460 645 1502 nummum
680 1449 712 1503 et
740 1438 841 1523 pluris
875 1438 974 1502 malos
1003 1439 1189 1502 venumdari
1218 1439 1259 1501 ad

140 1561 195 1604 eos
210 1561 298 1617 usus,
311 1538 388 1602 ratis
403 1560 478 1603 vero
493 1540 638 1603 connecti
652 1562 695 1603 xa
710 1535 782 1603 HS.
794 1540 973 1625 plerasque.
998 1538 1043 1601 At
1060 1537 1094 1601 in
1107 1536 1259 1624 Aegypto
1273 1557 1321 1601 soa

139 1663 177 1706 ao
200 1637 296 1726 Syria
317 1661 413 1725 reges
434 1639 543 1724 inopia
565 1639 679 1704 abietis
701 1640 797 1704 cedro
820 1639 862 1702 ad
884 1637 995 1703 elassis
1020 1637 1168 1703 feruntur
1190 1639 1257 1714 usi;

139 1761 292 1805 maxuma
324 1761 362 1804 ea
393 1739 427 1802 in
457 1735 568 1824 Cypro
597 1739 733 1803 traditur
765 1740 806 1803 ad
837 1739 1073 1804 undeciremem
1099 1737 1258 1804 Demetrii

140 1842 275 1920 succisa,
298 1850 427 1906 centum
449 1839 582 1927 triginta
602 1840 732 1925 pedum,
755 1839 977 1905 crassitudinis
1002 1862 1079 1904 vero
1101 1840 1142 1903 ad
1165 1840 1259 1903 trium

138 1942 304 2007 hominum
324 1941 525 2025 conplexum.
563 1938 755 2006 Germaniae
777 1942 956 2026 praedones
978 1939 1112 2029 singulis
1135 1939 1257 2005 arbori-

138 2043 200 2109 bus
223 2041 343 2108 cavatis
364 2042 528 2127 navigant,
555 2063 690 2126 quarum
717 2043 876 2127 quaedam
903 2053 935 2107 et
961 2042 1093 2130 triginta
1113 2041 1259 2106 homines

139 2144 258 2209 ferunt.
292 2139 498 2227 Spississima
512 2165 553 2207 ex
574 2143 658 2207 omni
681 2145 823 2222 materie,
845 2144 918 2207 ideo
941 2153 973 2208 et
993 2143 1185 2229 gravissima
1206 2143 1257 2207 iu·
1272 2162 1320 2205 soa

137 2244 264 2309 dicatur
289 2242 432 2307 hebenus
455 2253 487 2306 et
508 2241 625 2322 buxus,
652 2245 791 2329 graciles
817 2254 948 2322 natura3
977 2255 1089 2308 neutra
1110 2244 1143 2308 in
1166 2244 1257 2329 aquis

137 2340 253 2421 fluitat,
280 2366 340 2409 nec
362 2343 457 2408 suber
479 2344 506 2407 si
528 2343 674 2409 dematur
695 2355 814 2423 cortex,
841 2366 902 2410 nec
922 2344 1014 2408 larix.
1050 2343 1104 2408 Ex
1126 2344 1259 2429 reliquis

138 2444 317 2510 siccissima
337 2445 420 2509 lotos
442 2466 524 2526 quae
539 2443 660 2509 Romae
674 2447 720 2511 ita
742 2447 931 2533 appellatur,
954 2447 1030 2512 dein
1051 2448 1149 2513 robur
1169 2448 1257 2513 exal-

139 2545 329 2622 burnatum3
366 2555 399 2610 et
425 2545 500 2608 huic
526 2545 689 2633 nigricans
718 2548 805 2612 color
835 2548 1001 2633 magisque
1035 2549 1130 2612 etiam
1158 2549 1257 2632 cytiso

140 2669 223 2732 quae
249 2669 406 2732 proxume
434 2646 588 2711 accedere
613 2646 772 2713 hebenum
801 2648 941 2725 videtur,
975 2670 1167 2731 quamquam
1194 2672 1257 2714 non

138 2747 257 2813 desunt
284 2747 340 2832 qui
364 2743 516 2831 Syriacas
539 2747 735 2813 terebinthos
762 2749 920 2836 nigriores
946 2749 1124 2812 adfirment.
1162 2747 1257 2814 Cele-
1272 2767 1320 2810 ros

138 2849 251 2915 bratur
272 2860 305 2913 et
325 2848 490 2913 Thericles
512 2849 639 2914 nomine
666 2849 781 2915 calices
808 2871 848 2913 ex
876 2849 1054 2914 terebintho
1076 2848 1188 2914 solitus
1209 2849 1257 2913 fa-

139 2972 213 3016 cere
235 2959 336 3027 torno,
359 2971 417 3034 per
438 2971 533 3032 quem
554 2949 708 3036 probatur
729 2951 886 3015 materies.
916 2950 1071 3017 Omnium
1091 2950 1170 3016 haee
1192 2951 1259 3015 sola

139 3154 238 3216 XXX,
249 3157 338 3207 Ambr.
351 3158 386 3208 11.
408 3153 698 3218 ccxx,vnic.1ose.
720 3154 903 3221 ΟΧΧΜβγ.
917 3200 947 3208 -
967 3157 1103 3219 modiorum,
1115 3159 1168 3208 Td.
1187 3157 1261 3206 modii

140 3231 196 3283 urm,
208 3238 225 3272 a
235 3221 338 3284 (Ambr.
350 3223 385 3285 1.)
402 3223 512 3286 modium,
525 3225 598 3273 codd.
611 3224 667 3276 Gal.
679 3221 730 3288 βγ.
749 3223 828 3285 modii,
840 3226 931 3276 Ambr.
944 3225 978 3275 IL
999 3267 1029 3274 -
1047 3224 1180 3284 rabanoni,
1193 3241 1214 3275 a.

174 3292 258 3353 §202
283 3292 388 3352 mtensb,
401 3294 424 3341 d.
449 3299 597 3352 ostensam.
616 3332 647 3341 ...
666 3307 691 3352 o,
704 3306 754 3341 om.
768 3308 790 3341 a.
810 3334 840 3341 ..
859 3291 950 3350 obiter,
961 3308 986 3356 γ.
1009 3293 1037 3340 ob
1049 3291 1075 3340 id
1087 3299 1128 3352 ter,
1140 3294 1207 3343 rint.
1227 3335 1257 3342 -

139 3357 296 3421 obrectuque,
309 3375 331 3409 a.
358 3357 466 3417 advecto,
483 3360 549 3408 Pint.
569 3399 599 3407 -
627 3357 758 3422 oetopintn,
775 3353 845 3409 Ono.
872 3358 990 3409 LXXX
998 3358 1041 3420 M,
1057 3355 1086 3419 β.
1114 3359 1258 3425 octingentis,

139 3425 227 3475 Dulce.
247 3465 277 3474 ..
297 3441 421 3487 nummum,
437 3420 536 3476 orac.
554 3440 706 3485 nummorum,
717 3421 746 3485 β.
765 3425 872 3487 nummis,
884 3428 973 3476 Dalec.
993 3467 1024 3476 ..
1039 3425 1130 3489 plnres,
1142 3443 1165 3477 a.
1181 3426 1258 3491 plcre,

139 3494 164 3540 d.
184 3533 214 3540 ..
234 3490 307 3540 malos
318 3491 378 3541 adeo
389 3491 522 3542 venandari
532 3508 594 3554 usus,
605 3509 625 3542 r.
649 3492 789 3554 venundari,
802 3495 912 3543 etiamn.
931 3535 961 3543 -
985 3493 1095 3555 connecti,
1108 3497 1131 3543 d.
1155 3495 1259 3553 conbcti,

139 3574 162 3607 a.
183 3598 212 3607 ..
232 3558 287 3609 XL
298 3559 363 3621 HS,
376 3563 399 3610 d.
418 3560 471 3611 XL
484 3559 592 3621 suinai,
605 3576 627 3609 a.
646 3557 940 3624 quadrayintasesterno‚
951 3555 979 3620 β.

174 3624 260 3686 §aba
284 3626 474 3692 AtinAeyypto
489 3629 542 3688 rel„
560 3643 584 3677 v.
597 3628 728 3690 Theophr.
741 3628 759 3676 l.
772 3627 789 3675 l.
802 3628 835 3677 V.
849 3634 873 3687 8,
889 3632 910 3675 1.
929 3668 960 3677 -
979 3644 1069 3687 acar.
1093 3624 1207 3690 ebdssl'·
1229 3669 1257 3676 -

140 3690 264 3807 efflagrans.
285 3735 315 3744 ..
340 3696 482 3757 marinae.
501 3736 531 3744 ..
556 3692 617 3742 ande
631 3709 717 3756 cerem,
733 3696 777 3744 ad.
798 3735 827 3743 ..
851 3693 970 3754 Demetri,
987 3711 1009 3745 a.
1030 3737 1059 3743 -
1081 3694 1167 3758 pedam
1185 3693 1258 3758 lonqi-

184 3776 230 3807 mn
253 3777 273 3809 r.

134 3863 143 3877 .
175 3797 260 3890 sads.
282 3827 478 3893 yracnennec.
502 3831 542 3879 ne
558 3844 585 3878 re
601 3842 623 3876 v.
636 3830 767 3892 Theophr.
780 3831 797 3877 1.
809 3830 826 3878 1.
840 3831 873 3879 v.
886 3837 910 3890 a,
925 3837 945 3882 1.
967 3872 995 3880 ..
1019 3824 1259 3887 scenmnannr.

141 3893 250 3944 Salmas.
263 3910 345 3944 exerc.
357 3913 382 3960 p.
397 3901 452 3948 728.
465 3899 489 3946 b.
502 3897 542 3957 E„
560 3898 603 3959 qui
614 3894 758 3958 apuniana
769 3895 852 3959 legit).
872 3939 902 3946 -
921 3897 984 3957 dein,
996 3900 1040 3946 ad.
1058 3893 1150 3951 deinde,
1161 3890 1214 3959 βγ.
1229 3936 1257 3944 -

140 3958 176 4008 nd
185 3961 288 4021 ebenum,
301 3965 388 4013 Dalec.
408 4005 439 4013 ..
458 3962 549 4024 cluant,
561 3979 583 4011 a.
602 3961 685 4023 derint,
699 3959 770 4026 dssr.
790 4005 820 4013 ..
840 3963 1010 4021 therebintinor,
1023 3980 1045 4012 a.

175 4030 260 4091 5205.
287 4028 397 4092 Tenens,
410 4050 432 4082 a.
457 4029 564 4090 terrulas,
577 4032 601 4079 d.
621 4071 650 4079 ..
676 4029 836 4090 terebinthina,
849 4048 870 4080 a.
890 4073 920 4081 -
946 4046 1024 4093 qnam,
1037 4031 1075 4077 ad
1092 4026 1205 4089 (Thuan.
1219 4046 1259 4095 ap.

142 4095 250 4146 Salmas.
267 4111 350 4147 exerc.
367 4113 392 4162 p.
411 4103 468 4149 734.
483 4100 508 4148 b.
524 4095 572 4159 D.)
597 4114 712 4162 perquam
726 4098 846 4161 probator.
874 4098 990 4148 Materies
1008 4095 1108 4143 omniurn
1125 4094 1183 4145 boec
1200 4096 1260 4157 solo,

141 4161 261 4280 SHalmas.l
271 4170 344 4226 torno,
356 4181 396 4215 eor
407 4165 472 4214 eninr
480 4166 603 4229 probator.
618 4164 735 4215 Materies
747 4181 806 4214 omn.
820 4164 841 4214 b.
854 4182 884 4227 a,
896 4166 962 4216 Piut.
982 4203 1013 4212 ..
1032 4163 1140 4213 materies
1152 4165 1260 4215 omnium.

170 4245 291 4292 aaron,
308 4247 328 4282 r.
