2896 4792
198 300 261 366 324
552 315 757 364 naruasms
779 316 975 365 merorum

198 470 305 535 ditave
332 467 474 555 prodest,
502 467 579 532 item
602 467 794 534 torminibus
821 469 855 532 in
883 467 1006 555 hysopo
1034 470 1164 535 decocta
1192 481 1224 536 et
1252 494 1334 537 cum

197 572 288 650 vino;
334 571 381 635 sic
409 581 441 635 et
464 570 653 657 sanguinem
676 570 762 635 sistit
788 570 973 635 interiorem
1003 582 1036 636 et
1056 572 1181 637 narium
1209 572 1333 651 indita,
1350 588 1426 640 tat,

196 673 242 738 sic
264 683 297 736 et
319 672 457 737 conlutis
480 670 631 736 dentibus
658 671 800 758 prodest.
823 670 968 736 Auribus
997 694 1124 757 quoque
1151 674 1184 738 in
1211 675 1332 741 dolore

196 796 293 840 sucus
322 773 518 851 infunditur,
552 773 712 838 custodito
741 784 777 836 ut
803 772 944 838 diximus
973 775 1069 839 modo
1099 776 1132 839 in
1163 776 1330 854 silvestri,

194 888 305 941 contra
326 875 509 940 tarditatem
532 896 609 939 vero
631 873 816 958 sonitusque
839 896 912 939 cum
934 897 1067 942 rosaceo
1090 877 1140 942 vel
1162 900 1236 943 cum
1251 879 1329 943 lau-

194 1001 249 1044 reo
271 978 341 1043 oleo
363 987 419 1041 aut
441 975 569 1042 cumino
591 987 623 1040 et
644 975 747 1041 melle.
790 972 945 1042 Sucuset
959 977 1154 1063 phreneticis
1168 1001 1208 1043 ex
1228 989 1329 1046 aceto
1346 992 1396 1038 1³⁸

195 1081 287 1144 tritae
309 1079 483 1143 instillatur
511 1078 714 1162 intempore
740 1087 771 1142 et
793 1076 962 1143 cerebrum
969 1105 978 1156 3
1009 1079 1195 1145 adiecerunt
1222 1080 1334 1164 aliqui·

199 1191 230 1245 et
254 1179 430 1267 serpyllum
451 1189 482 1245 et
502 1178 627 1243 laurum
649 1177 824 1244 inlinentes
847 1180 954 1265 capita
975 1192 1007 1245 et
1029 1181 1116 1247 colla.
1151 1181 1328 1247 Dederunt

194 1291 227 1346 et
246 1281 432 1367 lethargicis
454 1301 494 1344 ex
516 1290 606 1345 aceto
627 1278 850 1357 olfaciendum,
872 1280 1031 1346 dederunt
1052 1293 1084 1346 et
1106 1281 1326 1349 comitialibus

192 1379 369 1448 bibendum
385 1380 531 1446 decoctae
547 1401 658 1446 sucum
672 1381 707 1445 in
722 1380 847 1466 cyathis
867 1391 1016 1466 quattuor
1035 1392 1107 1447 ante
1122 1383 1327 1449 accessiones

139 1471 144 1478 ¹
193 1505 331 1568 quarum
359 1482 463 1570 frigus
489 1481 688 1547 intolerabile
710 1492 773 1559 est,
803 1482 992 1567 alsiosisque
1020 1483 1152 1547 crudam
1182 1482 1214 1547 in
1239 1483 1325 1550 cibo.

195 1583 335 1650 Urinam
356 1605 484 1668 quoque
505 1583 557 1648 vel
579 1593 743 1648 cruentam
766 1584 865 1670 pellit,
897 1585 1086 1650 feminarum
1116 1586 1210 1649 etiam
1239 1609 1325 1671 pur-
1342 1600 1391 1646 lae

193 1685 340 1775 gationes
363 1684 596 1767 secundasque,
619 1683 714 1748 etiam
737 1695 897 1750 emortuos
918 1695 1046 1771 partus,
1069 1696 1107 1749 ut
1126 1685 1325 1772 Hippocrati

194 1788 331 1866 videtur,
355 1810 395 1852 ex
418 1786 492 1851 vino
515 1785 599 1850 dulci
622 1785 718 1872 nigro
732 1795 826 1870 pota3
847 1787 955 1870 itaque
970 1787 1092 1852 inlitam
1108 1798 1140 1852 et
1153 1787 1325 1854 volvarum

195 1911 293 1954 causa
314 1897 346 1954 et
368 1888 477 1953 suffire
499 1886 597 1952 iubet.
620 1885 751 1952 Diocles
773 1897 805 1952 et
830 1888 985 1953 cardiacis
1011 1888 1136 1974 inponit
1162 1911 1203 1953 cx
1231 1900 1325 1957 aceto

195 2001 228 2057 et
247 1990 342 2055 melle
364 2010 438 2054 cum
458 1988 561 2053 farina
582 1986 754 2053 hordeacia
774 1998 805 2052 et
821 1998 930 2054 contra
951 1989 1049 2053 ileum
1065 1990 1194 2055 decocta
1216 1991 1326 2058 farina

195 2092 230 2156 in
257 2090 327 2156 oleo
352 2088 525 2155 velleribus
554 2089 684 2154 collecta
691 2111 700 2164 3
730 2088 820 2153 multi
842 2111 920 2155 vero
946 2099 978 2154 et
998 2101 1107 2156 contra
1133 2093 1326 2178 purulentas

90 2205 92 2209 '
195 2193 431 2259 exscreationes
455 2190 556 2255 siccae
584 2189 751 2254 drachmas
773 2189 871 2269 duas,
901 2191 1064 2277 sulphuris
1089 2215 1187 2258 unam
1215 2203 1248 2259 et
1270 2183 1332 2259 di-⁴

194 2293 327 2358 midiam
349 2291 432 2358 sumi
454 2300 586 2357 censent
607 2302 639 2357 et
659 2300 769 2356 contra
791 2301 940 2357 cruentas
962 2315 1068 2358 ramos
1091 2295 1148 2359 tris
1170 2295 1325 2362 decoctos

195 2396 230 2460 in
253 2396 338 2460 vino.
373 2393 480 2460 Datur
508 2402 540 2459 et
560 2391 763 2479 dysintericis
789 2415 862 2457 cum
890 2416 983 2459 caseo
1010 2396 1044 2459 in
1066 2396 1139 2461 vino
1165 2396 1392 2474 contrita31to

195 2497 356 2563 dederunt
383 2506 414 2561 et
435 2518 508 2585 cum
529 2494 687 2561 bitumine
708 2494 872 2559 infriatam
900 2496 1021 2580 potioni
1044 2507 1174 2583 propter
1194 2494 1324 2564 anheli-

200 2608 279 2678 tum,
302 2620 342 2663 ex
364 2597 430 2661 alto
451 2596 554 2683 lapsis
578 2596 708 2660 seminis
735 2596 793 2660 tris
813 2596 935 2661 uncias.
981 2595 1054 2662 Olei
1082 2597 1164 2669 libra
1189 2598 1325 2685 vinique

197 2700 336 2765 sextario
357 2699 505 2764 inlinitur
526 2719 599 2762 eum
621 2699 691 2762 oleo
714 2697 812 2762 coctis
833 2697 917 2763 foliis
938 2698 1085 2784 partibus
1112 2722 1194 2785 quas
1215 2701 1327 2788 frigus

113 2794 120 2805 ’
195 2801 363 2866 adusserit.
386 2797 424 2865 Si
445 2801 572 2864 urinam
593 2808 716 2877 movet,
738 2808 775 2863 ut
796 2797 990 2885 Hippocrati
1024 2799 1168 2878 videtur,
1200 2801 1324 2869 mirum

197 2912 245 2968 est
267 2901 424 2985 quosdam
445 2901 522 2966 dare
544 2899 633 2965 velut
658 2899 854 2966 inhibentem
868 2900 958 2986 potui
980 2910 1090 2966 contra
1116 2902 1325 2970 incontinen-

177 3003 274 3067 ·tiam
301 3002 424 3067 urinae.
456 3001 575 3066 Psoras
603 3010 635 3066 et
659 3001 766 3088 lepras
793 3023 865 3067 oum
891 3001 984 3066 melle
1012 3014 1044 3068 et
1065 3003 1204 3069 alumine
1229 3005 1389 3072 inlitam

198 3102 364 3180 emendat,
387 3101 464 3167 item
488 3102 680 3192 vitiligines,
703 3125 867 3183 verrucas,
897 3114 1034 3169 strumas
1056 3115 1089 3170 et
1111 3105 1225 3171 similia
1246 3129 1323 3174 cum

231 3293 283 3327 cum
295 3277 360 3341 vinc3
373 3278 412 3329 his
423 3293 463 3328 vv.
476 3279 573 3330 addunt
584 3279 744 3344 participium
756 3286 822 3328 cocta
834 3287 916 3330 ortum
929 3295 962 3330 ex
974 3281 1103 3344 superiore
1114 3294 1177 3330 voce
1188 3282 1232 3330 ad.

231 3365 246 3427 ξ
260 3366 315 3414 tat.
333 3361 393 3424 sitit,
405 3378 428 3412 a.
447 3404 477 3412 -
497 3361 584 3424 indita,
596 3363 644 3427 aic3
656 3379 703 3428 pro
716 3365 756 3414 his
768 3379 807 3414 vv.
819 3365 898 3414 habet
909 3363 1018 3416 indilatae
1028 3364 1064 3413 cic
1074 3381 1098 3427 a,
1115 3363 1193 3414 indita
1202 3365 1283 3414 naam
1295 3368 1322 3416 d.

104 3480 119 3496 ⁶
197 3429 260 3479 satit
269 3429 372 3492 narium,
384 3438 406 3478 et
417 3429 483 3479 intra
495 3447 521 3479 oa
531 3429 610 3479 indita
621 3431 710 3493 tuam,
721 3433 789 3482 Pint.
808 3472 839 3480 -
858 3430 983 3493 doleretur,
996 3434 1051 3483 Td.
1070 3475 1100 3482 ..
1119 3431 1247 3492 dtaimua§
1261 3439 1323 3484 135.

198 3540 230 3549 ..
249 3497 273 3546 in
284 3496 395 3558 silvestri,
407 3514 430 3548 a.
453 3496 585 3561 calceant,
598 3495 678 3560 Τᾱβ.
694 3539 724 3548 ..
743 3507 827 3548 tantm
839 3498 976 3548 tarditatem
988 3500 1191 3563 enormitasque,
1204 3492 1296 3550 Orac

198 3564 259 3629 (nisi
269 3566 338 3629 quod
347 3566 373 3614 in
382 3567 432 3616 hae
441 3567 551 3616 editione
559 3567 705 3629 sonitumque
713 3565 827 3630 legitur).
839 3583 895 3616 vero
903 3575 986 3616 canna
995 3566 1132 3617 tarditatem
1141 3567 1279 3629 eremitam,
1288 3515 1323 3630 μζ

232 3657 318 3719 §lea
344 3656 472 3717 remittatur,
485 3659 517 3709 Τ.
536 3700 567 3708 -
591 3657 962 3723 temporaadceretmmrad.
986 3701 1017 3710 ..
1041 3659 1244 3726 attemptans.
1269 3675 1321 3708 ser-

195 3725 294 3792 pyllum,
308 3726 362 3775 Td.
386 3767 417 3774 -
444 3723 559 3774 dederunt
569 3734 591 3775 et
602 3725 772 3789 comitialibua3
790 3741 836 3790 pro
854 3727 894 3776 his
906 3743 945 3776 vv.
958 3728 1054 3778 habent
1066 3726 1096 3776 de
1107 3726 1262 3777 comitialtbua
1273 3731 1321 3778 ad.

200 3835 231 3843 -
248 3809 339 3842 stacam
351 3790 443 3858 cyathis
454 3800 557 3856 quatuor
568 3802 591 3842 et
601 3802 664 3853 ante,
676 3795 709 3844 K.
729 3834 759 3843 -
767 3832 769 3839 .
778 3792 930 3856 accmaoaee,
943 3797 967 3845 d.
984 3795 1182 3858 monachacae.
1196 3837 1227 3844 ..
1245 3793 1323 3844 alcio·

197 3861 435 3925 metamaucus
451 3862 519 3925 apud
530 3862 635 3911 Barbar.
654 3861 796 3912 Confirmat
811 3878 834 3911 a.
856 3859 1006 3926 amantque,
1019 3866 1043 3914 d.
1064 3905 1093 3913 ..
1116 3872 1139 3911 et
1150 3861 1259 3925 nudam,
1273 3865 1320 3913 ad.

233 3953 248 4014 Β
263 3959 319 4004 139.
337 3953 487 4018 seminarum
498 3953 578 4012 edam,
589 3956 634 4004 ad.
644 3952 794 4016 feminarum
806 3961 891 4013 autem,
903 3954 935 4004 Τ.
953 3996 984 4004 -
1008 3954 1077 4016 illini,
1089 3957 1122 4007 K.
1141 3997 1172 4005 -
1196 3964 1218 4004 et
1228 3957 1322 4020 suffire,

197 4024 223 4071 d.
241 4030 264 4069 et
274 4021 362 4086 mffiri,
374 4022 407 4072 K
425 4029 449 4070 et
458 4019 575 4084 sufficere,
587 4037 611 4070 a.
629 4021 699 4070 etiam
710 4019 802 4084 suffire,
813 4016 863 4084 βγ.
882 4021 1002 4074 Ceterum
1015 4025 1042 4073 in
1050 4025 1090 4074 his
1099 4026 1180 4075 verbis
1190 4032 1321 4088 corrupte·

197 4089 250 4138 lam
267 4090 347 4139 latere
364 4098 475 4154 apparet.
502 4089 589 4142 Unum
606 4089 744 4138 alterumve
759 4089 862 4138 verbum
879 4091 990 4141 deletum
1003 4105 1057 4141 esse
1075 4093 1150 4141 docet
1161 4093 1230 4155 prior
1241 4093 1321 4155 parti-

198 4157 256 4206 cula
268 4164 302 4218 et3
320 4165 450 4221 praeterea
466 4157 657 4207 convenientem
673 4163 825 4207 structuram
843 4158 1014 4208 desideramus
1031 4166 1056 4208 et
1072 4161 1145 4209 malis
1157 4168 1232 4209 antea
1244 4160 1321 4210 dietis
1360 4219 1363 4223 Α

198 4223 284 4287 inepte
301 4240 396 4274 novum
411 4225 508 4275 malum
524 4222 648 4272 valvamm
664 4240 739 4273 muca
749 4226 909 4278 admiscetur.
932 4267 964 4276 -
990 4224 1065 4287 ilium,
1081 4228 1106 4276 d.
1130 4267 1160 4276 ..
1188 4224 1321 4288 velleribus,

198 4290 243 4340 ad.
265 4297 288 4339 et
298 4289 430 4356 velleribm,
440 4287 492 4357 βγ.
512 4333 541 4342 -
562 4289 666 4342 decoctaa
678 4291 702 4342 ia
714 4291 776 4355 vino,
787 4295 833 4344 ad.
851 4293 877 4342 in
887 4292 942 4342 vinc
953 4291 1066 4356 damona
1078 4288 1129 4358 βγ.
