2896 4792
384 269 454 316 am.
468 269 540 315 xvr.
569 267 648 320 car.
665 268 807 320 1111-11.
837 266 935 314 sacr.
951 267 1033 310 11-11.
1225 248 1263 311 11

148 421 287 486 minume
320 418 441 484 durans
466 430 689 504 praeterquam
715 439 733 482 e
760 418 845 505 pino.
890 414 1054 483 Scandula
1088 424 1264 480 contectam

149 521 250 587 luisse
287 519 423 586 Romam
459 518 556 604 Pyrri
599 540 702 604 usque
742 519 785 584 ad
830 517 947 584 bellum
986 516 1078 581 annis
1117 535 1264 579 ccccnxx
1311 580 1314 584 ,
1361 570 1374 587 ,.

150 618 319 687 Cornelius
339 620 449 707 Nepos
475 629 585 687 auctor
611 633 669 686 est.
707 618 868 686 Silvarum
895 631 981 685 certe
1008 616 1267 703 distinguebatur
1279 635 1312 682 at

148 721 347 808 insignibus:
374 704 527 807 Fassgutali
554 719 626 787 Iovi
649 720 745 786 etiam
771 743 859 786 nuno
879 719 935 784 ubi
955 718 1049 783 lucus
1070 717 1185 804 fageus
1205 715 1268 781 fnit

149 834 244 909 porta
265 822 528 908 querquetulana,
552 821 641 901 colle,
664 821 697 886 in
720 844 815 907 quem
836 821 955 886 vimina
976 818 1176 906 petebantur,
1204 828 1268 884 tot·

149 946 212 1009 que
238 924 334 1002 lueis,
362 923 555 1006 quibusdam
585 937 617 988 et
642 923 790 1009 geminis.
829 920 870 1003 Q.
898 921 1095 987 Hortensius
1121 919 1268 996 dictator,

149 1048 224 1091 cum
245 1024 338 1112 plebs
360 1023 544 1090 secessisset
564 1024 598 1088 in
616 1023 805 1102 Ianiculum,
828 1023 935 1112 legem
954 1023 989 1087 in
1009 1019 1167 1088 aesculeto
1196 1017 1269 1085 tulit

150 1135 187 1191 ut
206 1125 293 1209 quod
315 1148 353 1191 ea
373 1124 519 1191 iussisset
538 1125 643 1190 omnis
665 1123 802 1206 Quiritis
825 1135 956 1190 teneret.

194 1227 244 1292 16.
276 1224 470 1311 Peregrinae
498 1236 566 1290 tum
586 1223 793 1303 videbantur,
821 1224 972 1309 quoniam
992 1247 1057 1288 non
1079 1233 1170 1287 erant
1191 1219 1269 1287 sub·
1281 1239 1314 1285 aa

81 1358 85 1366 ·
151 1325 309 1403 urbanae,
339 1324 435 1411 pinus
461 1335 558 1409 atque
586 1323 675 1389 abies
696 1345 868 1408 omnesque
890 1345 973 1408 quae
994 1324 1099 1409 picem
1120 1323 1270 1409 gignunt,

152 1426 192 1492 de
214 1425 332 1511 quibus
353 1446 440 1489 nunc
460 1424 614 1502 dicemus,
637 1424 732 1489 simul
752 1438 789 1490 ut
810 1436 876 1490 tota
897 1424 1066 1490 condiendi
1086 1424 1161 1488 vina
1179 1425 1271 1512 origo

152 1536 375 1613 cognoscatur.
400 1522 493 1605 Quae
514 1525 634 1590 ferrent
653 1527 688 1591 in
701 1525 784 1590 Asia
804 1535 858 1591 aut
880 1527 1000 1592 oriente
1023 1525 1197 1612 praedictis
1218 1524 1272 1613 pi·

153 1651 233 1705 cem,
256 1626 290 1692 in
304 1626 438 1712 Europa
457 1649 513 1691 sex
535 1649 655 1712 genera
675 1639 885 1714 cognatarum
907 1627 1059 1693 arborum
1081 1626 1202 1701 ierunt3
1230 1648 1272 1692 ex

152 1728 204 1793 his
231 1727 328 1813 pinus
356 1736 450 1809 atque
477 1725 622 1812 pinaster
646 1726 757 1792 folium
792 1726 910 1793 habent
940 1726 1154 1813 capillamenti
1175 1724 1273 1793 modo

153 1837 327 1912 praetenue
346 1829 543 1914 longumque
564 1836 596 1893 et
617 1849 769 1893 mucrone
789 1830 976 1895 aculeatum.
1004 1828 1106 1894 Pinus
1128 1827 1191 1892 fert
1210 1826 1272 1891 mi-

153 1951 286 1994 numum
306 1929 441 2006 resinae,
462 1927 624 1993 interdum
645 1938 678 1994 et
697 1928 834 1995 nucibus
849 1929 941 2014 ipsis,
964 1929 1135 2013 dequibus
1151 1928 1274 1994 dictum

155 2041 215 2108 est,
237 2028 354 2113 vixque
375 2043 411 2094 ut
433 2028 635 2094 adscribatur
655 2029 777 2117 generi.

197 2131 248 2195 17.
270 2129 420 2195 Pinaster
440 2129 519 2195 nihil
539 2144 590 2195 est
610 2130 698 2196 aliud
716 2153 812 2216 quam
825 2131 922 2218 pinus
938 2132 1091 2198 silvestris
1104 2130 1187 2196 mira
1200 2131 1275 2197 alti·
1287 2147 1320 2193 11
1418 2216 1422 2225 Ι

154 2230 266 2296 tndine'
286 2240 318 2296 et
339 2253 359 2295 a
379 2230 485 2296 medio
506 2253 632 2297 ramosa
653 2232 735 2298 siout
762 2232 859 2318 pinus
880 2234 913 2298 in
934 2233 1066 2299 vertice.
1102 2230 1275 2320 Copiosio·

154 2354 222 2397 rem
242 2331 299 2397 dat
325 2330 405 2396 haee
430 2332 570 2398 resinam
595 2355 660 2417 quo
688 2332 832 2399 dicemus
847 2334 964 2401 modo.
1001 2331 1156 2421 Gignitur
1182 2345 1215 2399 et
1240 2333 1276 2399 in

154 2431 269 2520 planis.
301 2431 444 2499 Easdem
470 2432 601 2499 arbores
628 2434 690 2499 alio
716 2435 844 2499 nomine
870 2457 940 2500 esse
967 2457 1027 2521 per
1051 2458 1139 2501 oram
1160 2434 1275 2501 Italiae

155 2555 236 2618 quos
256 2532 375 2599 tibulos
395 2545 512 2598 vocant
533 2534 679 2619 plerique
700 2534 906 2613 arbitrantur,
930 2536 988 2600 sed
1002 2535 1131 2621 gracilis
1146 2535 1274 2600 succin-

156 2632 333 2720 ctioresque
355 2643 387 2700 et
408 2633 520 2699 enodis
540 2633 769 2700 liburnicarum
789 2635 831 2698 ad
853 2658 942 2712 usus,
957 2657 1059 2720 paene
1075 2634 1144 2700 sine
1159 2634 1275 2699 resina.

153 2768 348 2834 1111111111.
376 2789 389 2822 c
402 2772 541 2838 1111οᾶ11111,
557 2775 662 2825 Barbar.
677 2769 729 2839 βγ.
756 2774 872 2839 Expulsa
887 2776 974 2840 inepta
989 2775 1193 2840 interpolatione,
1209 2789 1276 2837 quae

156 2839 279 2888 editiones
296 2842 413 2904 vulgatas
429 2843 541 2904 obsedit,
562 2841 677 2892 codicum
694 2842 841 2906 scripturam
859 2845 1014 2894 restituimus
1034 2845 1069 2893 ita
1086 2843 1275 2907 explicandam:

155 2905 223 2956 cum
239 2921 304 2969 quae
322 2911 423 2959 arbores
440 2909 467 2958 in
483 2911 548 2961 Asia
563 2918 608 2960 ant
625 2911 721 2959 oriente
737 2911 819 2973 picem
835 2911 930 2961 ferrent
945 2926 961 2960 a
977 2912 1049 2960 nobis
1066 2912 1116 2961 sint
1133 2911 1276 2974 praedictae

157 2974 282 3035 (14,122.
297 2975 376 3039 123),
394 2979 421 3026 in
432 2979 536 3042 Europa
551 2993 598 3028 sex
613 2993 707 3040 genera
722 2978 814 3028 lerunt.
837 2979 952 3028 Verbum
963 2989 1049 3029 antem
1056 2975 1197 3043 praedicere
1208 2981 1277 3042 apud

157 3041 263 3091 seriores
272 3043 407 3108 scriptores
415 3059 468 3093 non
476 3060 533 3094 raro
543 3046 609 3095 idem
620 3052 664 3104 est,
674 3048 742 3108 quod
751 3043 911 3109 supradicere
920 3045 1071 3108 (Ruhnken.
1081 3046 1275 3107 1117111221,

156 3108 275 3159 Bonnell.
286 3110 339 3160 lex.
357 3111 464 3172 Quintil
477 3129 496 3162 1.
509 3113 535 3162 h.
546 3128 570 3161 1.
582 3111 697 3176 11681),
709 3120 735 3163 et
745 3114 799 3177 ipse
809 3112 876 3163 Plin.
885 3128 938 3163 nen
947 3115 1025 3163 semel
1033 3113 1194 3177 participium
1203 3128 1276 3177 prae·

157 3173 281 3226 1111111111
291 3180 432 3242 usurpavit3
444 3195 467 3229 1.
480 3183 512 3230 ed
524 3186 565 3238 34,
579 3185 635 3230 136.
658 3180 728 3231 Inter
744 3180 857 3244 protaein
867 3196 944 3244 porro
957 3188 983 3230 et
993 3181 1118 3243 apoduein
1130 3181 1225 3230 excidit
1236 3181 1276 3230 lo·

157 3244 225 3292 cutio
237 3247 418 3307 parenthetica,
428 3262 478 3310 qna
490 3249 589 3311 proprie
601 3249 719 3298 transitus
730 3250 763 3299 ab
774 3249 855 3298 altera
866 3250 901 3298 ad
911 3250 1018 3298 alteram
1030 3256 1085 3298 erat
1095 3247 1236 3308 faciundas,
1247 3256 1277 3298 ut

157 3309 211 3360 iere
223 3321 302 3362 esset:
313 3312 364 3362 iam
376 3314 427 3363 hoc
438 3317 513 3375 addo,
525 3316 574 3364 hoe
586 3318 837 3365 commemorandum
849 3324 934 3366 restat.
952 3316 988 3366 Ut
999 3330 1032 3365 ex
1044 3316 1100 3366 aliis
1112 3315 1277 3379 scriptoribus

158 3379 277 3442 exempla
286 3381 338 3429 hue
350 3383 503 3444 pertinentia
513 3398 565 3432 non
579 3381 691 3444 afferam,
704 3384 758 3447 ipsc
765 3383 833 3432 Plin.
843 3383 970 3433 simillime
979 3383 1044 3433 dixit
1055 3389 1093 3441 1⁵,
1104 3389 1160 3434 106.
1177 3381 1277 3432 Interim

158 3461 220 3508 quoe
231 3454 285 3494 sunt
296 3449 426 3497 eornmuniu
437 3457 459 3497 et
468 3448 545 3512 pontii
556 3449 704 3513 omnibusque
714 3450 796 3511 euecta
812 3466 922 3513 saporum
932 3466 1021 3514 persero
1032 3448 1110 3500 ΧΖΠ
1116 3450 1276 3514 repertantur,

160 3519 200 3573 16,
210 3518 268 3564 234.
288 3515 373 3565 Verum
386 3514 468 3578 111111,
478 3534 538 3580 quus
546 3517 659 3565 memorie
668 3516 783 3565 bominum
792 3514 900 3579 matodit,
913 3516 1002 3566 darant
1011 3517 1035 3566 in
1043 3517 1167 3567 Litcmt'rro
1173 3525 1277 3567 „soloe

158 3578 249 3644 olium
262 3587 303 3643 24,
316 3589 356 3633 st.
374 3581 410 3631 Er
421 3585 531 3646 quoniam
541 3583 616 3648 plura
625 3584 828 3648 pcnerasecimus,
841 3583 1023 3634 illo-urinum
1032 3590 1224 3647 11111111;28,24.
1241 3581 1278 3633 Et

157 3649 268 3710 promum
279 3650 371 3713 scorpio
382 3649 509 3713 1111111111,
522 3651 547 3700 in
557 3650 647 3716 Africa
658 3667 724 3700 nemo
734 3651 836 3700 1111111111
847 3649 942 3715 aliquid
946 3671 953 3714 ;
965 3658 1007 3715 32,
1020 3659 1076 3705 108.
1094 3654 1163 3704 Haec
1175 3659 1216 3712 eet,
1228 3665 1278 3714 qua

158 3712 262 3765 dirimas
274 3715 361 3781 lippum
371 3718 451 3781 polin,
464 3719 521 3783 quie
532 3728 555 3768 ct
566 3737 578 3768 c
590 3719 654 3768 mori
656 3717 764 3784 fabriles
775 3735 830 3768 usas
841 3727 933 3769 creant.
953 3720 1054 3771 Nomen
1066 3736 1124 3770 vero
1132 3718 1208 3783 picem
1220 3732 1277 3781 per·

160 3798 262 3833 sumum
274 3785 338 3833 mihi
350 3794 388 3836 est
403 3787 509 3837 librariis
527 3788 618 3848 deberi,
633 3803 692 3837 cum
703 3787 767 3836 illud
778 3786 899 3837 facillime
910 3789 1120 3853 exsuperioribus
1128 3785 1207 3848 repeti
1219 3800 1277 3848 pos-

160 3849 193 3899 sit
205 3853 267 3901 eth.
279 3853 296 3901 l.
308 3867 412 3915 prorsus
423 3854 536 3918 ineptum
548 3856 635 3904 locum
648 3862 744 3917 teneat3
762 3869 794 3904 ne
811 3856 867 3917 quis
878 3870 938 3904 vero
949 3857 1014 3906 illud
1026 3857 1059 3905 ad
1071 3852 1201 3918 sequentia
1212 3851 1277 3902 reio·

160 3924 206 3976 rat,
218 3917 253 3967 ita
263 3927 292 3968 ut
302 3935 319 3970 a
328 3923 406 3972 verbo
410 3921 498 3982 soant
508 3923 541 3972 sit
551 3932 647 3988 aptum,
660 3923 765 3986 impedit
774 3922 824 3972 hoe
833 3937 911 3973 eausa
921 3924 1053 3982 rhetorica,
1065 3921 1125 3985 quia
1134 3920 1172 3969 111
1184 3919 1278 3971 oratio-

160 3983 200 4034 nis
211 3985 238 4033 in
248 4000 287 4035 11.
300 3985 324 4034 in
335 3985 438 4052 Europa
448 3990 521 4041 inest
541 4031 571 4040 ..
596 3989 750 4054 eopnitorem,
762 3989 795 4039 Κ.
814 4031 845 4041 ..
869 3988 913 4050 bie,
926 4007 949 4041 a.
972 3989 1009 4049 iis,
1022 3983 1092 4052 dssr.
1112 4028 1141 4036 ..
1162 3986 1278 4051 pinaster,

160 4069 183 4101 a.
200 4052 311 4115 1111111111,
327 4047 376 4105 θᾱ,
396 4097 427 4105 ..
451 4056 537 4106 decimu
550 4065 585 4105 est
598 4062 637 4118 15,
649 4063 691 4108 85.
709 4098 741 4106 ..
765 4057 858 4120 mirque,
874 4049 990 4107 OTadr.
1008 4057 1056 4114 vit,
1067 4049 1097 4116 β.

194 4122 209 4182 5
221 4125 262 4170 39.
292 4129 327 4169 eat
337 4121 411 4183 aliud,
424 4126 469 4173 ad.
486 4123 556 4173 abad
566 4132 606 4184 eat,
617 4120 668 4187 βγ.
683 4165 713 4173 -
730 4124 802 4188 pinus
813 4140 825 4172 e
836 4124 928 4183 vertr'ec,
940 4124 971 4172 Τ.
989 4162 1020 4172 ..
1039 4119 1068 4170 de
1078 4138 1132 4186 quo,
1144 4138 1168 4172 a.
1180 4121 1210 4171 da
1221 4137 1277 4185 qao,

159 4203 180 4236 r.
200 4228 231 4237 -
250 4187 376 4250 1111111115
390 4195 421 4240 to
435 4207 487 4254 seq.
507 4233 536 4241 ..
555 4190 599 4240 red
608 4190 664 4252 clio,
676 4193 764 4243 Dalec.
784 4231 815 4241 ..
834 4189 926 4252 11111111,
938 4193 962 4241 d
979 4189 1083 4253 stabulos,
1095 4206 1118 4241 a
1135 4188 1246 4251 stabulos,
1257 4204 1277 4238 r.

160 4254 392 4318 atrotitcrssarbar.
