2896 4792
337 296 407 341 um.
424 295 526 340 xvur.
556 295 634 340 oar.
652 295 754 341 xxm.
770 294 870 340 xxm.
899 293 998 341 sucu.
1014 296 1095 338 aa.
1215 279 1275 342 187

155 447 240 514 valla
262 446 383 512 semina
404 444 536 509 habebit
558 444 722 510 abiciatur.
759 442 939 528 Optumum
954 424 1089 530 gramim
1112 446 1197 529 quod
1219 468 1275 513 ru-
1292 461 1339 507 rao

156 547 211 613 bot
232 559 263 611 et
285 546 435 611 dentibus
455 545 592 611 fractum
612 545 749 610 eundem
768 545 866 610 habet
887 545 1040 622 colorem,
1063 546 1203 611 deterius
1225 547 1277 611 oui

155 651 228 735 plus
257 648 344 712 intus
373 647 437 712 albi
465 656 524 712 est.
559 645 692 712 Certum
719 657 822 712 terras
848 646 928 711 alias
949 647 1022 732 plus
1045 647 1174 712 seminis
1195 647 1278 712 reci·

155 772 244 835 pore,
266 749 345 813 alias
366 748 483 825 minus,
504 747 754 836 religiosumque
776 748 850 813 inde
871 747 1010 833 primum
1033 748 1153 813 colonis
1174 770 1278 834 augu-

156 852 257 916 rium:
281 872 355 915 oum
376 849 503 914 avidius
526 849 677 933 accipiat,
701 849 823 914 esurire
845 849 988 915 creditur
1009 861 1041 914 et
1063 872 1205 916 comesse
1227 871 1279 913 ss·

156 974 240 1017 men.
265 949 431 1016 Sationem
449 950 530 1016 locis
549 951 667 1015 umidis
686 951 822 1016 celerius
841 951 911 1015 fieri
929 952 1011 1016 ratio
1027 962 1092 1027 est,
1114 974 1155 1017 ne
1171 973 1280 1017 semen

156 1053 259 1118 imbre
281 1062 462 1138 putrescat,
485 1051 578 1118 siccis
597 1052 715 1129 serius,
737 1063 775 1117 ut
795 1053 923 1138 pluviae
946 1064 1122 1137 sequantur
1142 1075 1202 1117 nec
1223 1051 1280 1116 diu

156 1154 265 1220 iacens
287 1164 385 1236 atque
406 1174 471 1216 non
493 1153 677 1239 concipiens
698 1166 880 1233 evanescat,
902 1155 1044 1239 itemque
1063 1154 1213 1218 festinata
1227 1174 1280 1217 sa·

158 1255 243 1320 tione
272 1255 408 1319 densum
437 1254 548 1342 spargi
571 1277 699 1332 semen,
727 1255 802 1339 quia
824 1255 913 1319 tarde
935 1256 1112 1342 concipiat,
1141 1254 1282 1319 serotina

158 1379 275 1434 rarum,
298 1356 375 1439 quia
395 1356 554 1420 densitate
575 1355 674 1420 nimia
695 1368 838 1421 nocetur.
860 1356 952 1421 Artis
971 1378 1099 1440 quoque
1113 1355 1282 1422 cuiusdam
1296 1371 1343 1419 rat

158 1468 208 1523 est
234 1457 408 1541 aequaliter
431 1479 584 1544 spargere
591 1483 600 1536 ;
630 1480 744 1522 manus
763 1457 875 1541 utique
895 1481 1073 1544 congruere
1098 1457 1282 1523 debetcum

158 1559 262 1646 gradu
285 1580 474 1644 semperque
497 1581 570 1623 oum
592 1559 707 1624 dextro
727 1559 820 1644 pede.
853 1558 909 1622 Fit
930 1581 1058 1643 quoque
1080 1558 1282 1643 quorundam

158 1660 285 1725 occulta
305 1660 445 1737 ratione,
473 1659 560 1744 quod
582 1683 652 1725 sors
674 1660 809 1748 genialis
837 1671 933 1745 atque
953 1661 1093 1726 fecunda
1115 1673 1173 1725 est.
1208 1659 1283 1725 Non

160 1760 419 1827 transferendum
448 1772 498 1826 est
525 1783 567 1826 ex
590 1761 719 1847 frigidis
739 1762 819 1827 loeis
842 1785 950 1827 semen
976 1763 1011 1827 in
1039 1763 1143 1829 calida
1178 1782 1282 1846 nequa

161 1885 201 1938 ex
222 1863 431 1949 praecocibus
452 1862 487 1926 in
510 1863 666 1941 serotina,
695 1864 792 1947 idque
819 1864 853 1928 in
875 1865 1068 1930 contrarium
1090 1885 1283 1951 praecepero

159 1965 290 2048 quidam
312 1965 394 2029 falsa
416 1963 594 2051 diligentia.

201 2068 253 2132 55.
277 2063 394 2132 Serere
415 2066 450 2132 in
470 2066 584 2152 iugera
606 2079 783 2152 temperato
805 2067 873 2133 solo
893 2068 1014 2133 iustum
1035 2079 1085 2133 est
1108 2067 1206 2133 tritici
1226 2077 1284 2133 aut
1299 2082 1347 2128 ras

161 2167 298 2256 siliginis
320 2168 444 2233 modios
465 2191 502 2246 v,
536 2167 631 2233 farris
653 2180 709 2234 aut
731 2169 878 2248 seminis,
902 2170 987 2254 quod
1008 2169 1159 2234 frumenti
1182 2191 1285 2255 genus

159 2270 205 2334 ita
227 2269 440 2355 appellamus,
479 2294 519 2347 x,
547 2269 659 2335 hordei
687 2294 736 2347 vr,
764 2271 856 2336 fabae
884 2271 1029 2355 quintam
1061 2283 1184 2358 partem
1215 2293 1285 2336 am·

161 2371 245 2457 plius
270 2393 368 2455 quam
396 2371 511 2448 tritici,
542 2371 644 2437 viciae
671 2395 735 2449 xu,
776 2372 890 2438 ciceris
916 2385 949 2438 et
970 2375 1146 2439 cicerculae
1169 2384 1201 2439 et
1222 2372 1286 2459 pisi

160 2496 215 2551 111,
252 2472 353 2558 lupini
374 2495 415 2550 x,
452 2473 547 2538 lentis
568 2496 622 2549 111,
661 2529 701 2538 ..
726 2474 782 2538 sed
809 2474 892 2539 hauc
920 2498 995 2539 oum
1014 2475 1090 2540 fimo
1112 2474 1202 2540 arido
1223 2474 1287 2540 seri

161 2575 290 2652 volunt,
317 2628 359 2638 ..
386 2574 455 2639 orvi
475 2598 527 2652 vr,
561 2574 680 2639 siliciae
701 2598 752 2652 vr,
785 2575 1003 2660 phasiolorum
1023 2598 1073 2653 ιν,
1096 2574 1207 2661 pabuli
1225 2596 1284 2653 xx,

162 2675 246 2752 mili,
278 2676 386 2761 panici
413 2676 569 2741 sextarios
590 2698 655 2754 1111,
686 2675 800 2762 pingui
828 2676 895 2741 solo
916 2676 1006 2760 plus,
1035 2675 1146 2762 gracili
1169 2675 1285 2741 minus.

162 2775 224 2840 Eat
251 2789 286 2840 et
311 2777 374 2841 alia
400 2776 578 2842 distinctio:
612 2777 646 2841 in
678 2777 780 2842 denso
807 2788 864 2842 aut
891 2789 1016 2843 cretoso
1043 2789 1098 2843 aut
1124 2776 1287 2865 uliginoso
1302 2789 1349 2834 1⁹⁹

164 2877 261 2942 tritici
287 2889 343 2943 aut
369 2878 505 2966 siliginis
531 2880 656 2945 modios
683 2902 756 2956 sex,
784 2879 818 2944 in
847 2881 951 2946 soluta
978 2890 1063 2945 terra
1084 2889 1118 2944 et
1147 2877 1233 2943 siooa
1253 2889 1286 2943 et

162 2979 246 3043 laeta
271 2989 439 3063 quattuor3
469 2981 588 3046 macies
614 2980 699 3045 enirn
727 2982 803 3061 soli,
831 2983 896 3047 nisi
923 3005 1032 3047 rarum
1060 2981 1201 3046 culmum
1227 2980 1285 3049 ba·

164 3077 236 3157 bet,
260 3080 382 3165 spicam
404 3082 561 3146 minutam
582 3081 660 3146 facit
682 3093 715 3148 et
735 3081 872 3148 inanem.
896 3082 1038 3170 Pinguia
1060 3106 1138 3147 arva
1160 3105 1201 3147 ex
1221 3103 1286 3146 uno

198 3249 283 3310 §las
311 3250 482 3312 denatum.
506 3251 568 3314 dein,
579 3272 599 3304 r.
619 3296 650 3304 -
674 3254 886 3317 deteriua‚om.a.
904 3297 935 3306 .-
958 3254 1286 3315 Certamterruarel.3hasc

164 3320 272 3380 sumpsit
281 3320 347 3369 Plin.
361 3335 394 3369 ex
406 3322 536 3385 Theophr.
548 3323 566 3370 1.
578 3324 596 3371 l.
608 3322 684 3372 VIII.
698 3329 720 3383 6,
734 3329 757 3373 2.
776 3364 807 3372 -
831 3323 883 3372 aliu
891 3322 955 3387 pluo,
968 3342 992 3375 a.
1016 3365 1047 3375 ..
1069 3319 1288 3389 rebpiosamqueid

164 3392 187 3432 et
195 3384 320 3447 pessimam
332 3386 406 3436 colon.
418 3404 482 3452 cap..
494 3390 561 3439 Pina
581 3429 612 3438 -
636 3388 699 3450 inde,
711 3404 734 3440 a.
757 3389 850 3439 videar
861 3389 922 3450 inde,
934 3393 988 3443 Τὰ.
1009 3432 1040 3440 -
1062 3407 1171 3452 emessa
1182 3408 1207 3443 a.
1233 3405 1285 3439 carn

164 3467 244 3510 messe,
257 3453 281 3502 d.
301 3495 332 3502 -
356 3453 459 3514 acedia,
472 3472 494 3506 a.
518 3471 547 3506 ae
558 3454 607 3518 diu,
620 3453 693 3521 ᾱβγ.
712 3497 743 3507 ..
762 3457 871 3518 suescat,
883 3460 971 3511 Heius.
983 3462 1039 3510 adv.
1051 3474 1077 3524 p.
1090 3464 1148 3509 460.
1168 3499 1200 3509 -
1217 3473 1285 3507 uoce·

166 3527 210 3579 rar,
223 3522 268 3570 ad.
287 3529 386 3582 necetur,
398 3518 449 3586 βγ.

198 3586 283 3647 5197.
311 3586 476 3654 dextraopede,
489 3608 511 3641 a.
532 3633 562 3640 ..
581 3591 628 3653 Sit,
640 3593 685 3643 ad.
705 3634 735 3641 ..
747 3591 814 3655 sore,
830 3584 900 3642 Oad.
919 3633 950 3642 ..
970 3600 1020 3654 out,
1032 3608 1055 3642 a.
1074 3634 1106 3642 ..
1125 3591 1228 3656 pecuda,
1238 3594 1286 3643 ad.

165 3697 195 3703 ,
215 3656 395 3719 praecoquam,
408 3658 439 3707 T.
464 3700 495 3709 ..
523 3658 671 3720 inseratina,
689 3661 770 3711 omitt.
783 3661 828 3709 ad.
853 3700 884 3708 -
911 3657 990 3722 idque,
1002 3661 1077 3711 codd.
1090 3660 1147 3712 aa.
1173 3658 1286 3723 nihilque,

165 3724 209 3771 ud⁴
229 3763 260 3771 ..
276 3739 425 3787 praecepere,
437 3728 511 3776 codd.
525 3727 581 3778 Gol.
597 3726 743 3791 praecipue,
756 3728 802 3777 ad.

198 3792 213 3853 ξ
227 3795 283 3840 198.
311 3790 394 3853 lupera
406 3800 533 3856 temperato
544 3793 601 3857 solo,
618 3788 667 3846 Oa.
686 3794 767 3859 iugero
780 3794 905 3859 temperati
914 3793 965 3856 soli,
979 3791 1028 3856 ᾶβ.
1048 3836 1079 3845 ..
1097 3802 1140 3843 aut
1150 3792 1252 3855 cominu,
1262 3795 1286 3844 d.

164 3855 243 3919 ratila
248 3858 357 3921 seminis,
370 3874 393 3907 a.
413 3901 444 3908 -
463 3860 569 3923 quintam
578 3870 686 3926 partem3
697 3877 744 3927 pro
757 3863 797 3913 his
809 3879 848 3913 vv.
861 3863 956 3913 habant
966 3863 1050 3925 quinto
1061 3864 1106 3913 ad.
1120 3903 1151 3911 ..
1170 3860 1250 3922 vitius,
1262 3876 1286 3911 a.

167 3967 201 3988 ..¹
216 3924 343 3985 cicercula,
356 3929 392 3975 a¹.
417 3968 447 3976 -
470 3927 556 3990 sicilia,
569 3947 592 3981 a.
615 3972 646 3979 ..
666 3928 832 3994 passiolorum,
845 3933 868 3980 d.
887 3928 1055 3994 fasciolarum,
1068 3945 1091 3979 a.
1114 3969 1146 3979 ..
1170 3927 1287 3981 scutarios

165 3991 230 4054 IIII,
243 4009 265 4042 a
283 3994 400 4042 aerianos
419 3993 461 4055 VI,
475 3996 523 4047 To.

199 4060 284 4120 §lta
310 4060 488 4126 uliginosaad.
515 4062 699 4126 alipinososolo,
711 4061 761 4129 βγ.
789 4105 814 4112 -
844 4063 932 4113 modios
944 4063 1052 4127 quinque,
1063 4063 1131 4113 Pint.
1155 4103 1186 4111 -
1214 4071 1287 4125 torro,

166 4129 239 4179 Tad.
258 4137 324 4176 terra
336 4128 409 4187 audo,
420 4125 449 4191 β.
468 4131 492 4178 iu
501 4130 579 4179 solutu
591 4139 656 4180 terra
666 4132 731 4181 sicca
742 4141 765 4180 et
777 4131 842 4181 arada
854 4141 876 4180 et
888 4131 960 4191 loeta,
973 4131 1091 4182 Schnold.
1104 4133 1137 4181 ad
1150 4130 1286 4181 Columell.

166 4195 199 4245 IL
214 4202 237 4257 9,
252 4203 274 4246 5.
292 4237 322 4246 ,.
342 4196 437 4257 murier,
453 4199 527 4247 Tad.
550 4214 662 4260 mamam
677 4193 705 4249 θ.
724 4240 755 4248 -
773 4193 968 4260 solam,0'1'ad
983 4191 1193 4260 ..πίειζθΤαὼ
1210 4196 1287 4248 maior

166 4260 257 4326 auid.
277 4304 308 4315 ..
326 4263 404 4327 labat,
416 4267 461 4315 ad.
479 4263 572 4329 lrabeat,
583 4260 633 4331 dr.
654 4307 684 4317 -
707 4267 820 4329 manaa.
839 4309 868 4316 -
889 4283 942 4330 ano,
957 4260 1058 4318 eras.
1081 4282 1136 4328 aaa,
1148 4261 1177 4327 β.
