2896 4792
210 267 252 330 64
560 280 763 331 narnamrs
786 281 980 330 nrsroamr

210 433 298 497 velut
325 443 394 496 arte
423 431 531 496 tonsili
554 453 645 497 coma
666 433 751 518 fagei
771 432 909 497 nemoris
916 458 925 510 3
953 432 986 496 in
1008 432 1068 498 hoc
1088 431 1236 500 arborem
1258 436 1328 502 exi·

208 534 303 598 miam
337 543 440 598 aetate
469 542 579 596 nostra
604 533 721 598 amavit
747 531 922 597 Passienus
955 530 1091 618 Crispus
1122 534 1172 600 bis
1204 538 1329 616 consul,

208 644 331 712 orator,
365 632 567 719 Agrippinae
599 633 798 698 matrimonio
828 643 859 699 et
885 632 1012 700 Nerone
1039 635 1187 722 privigno
1213 637 1330 703 clarior

207 746 338 822 postea,
367 733 504 799 osculari
525 734 744 820 conplectique
766 756 836 800 eam
858 734 982 813 solitus,
1005 758 1070 801 non
1091 736 1186 801 modo
1207 736 1328 804 cubare

208 837 268 903 sub
290 860 328 901 ea
350 836 522 918 vinumque
543 833 589 898 illi
610 834 798 900 adfundere.
822 833 940 900 Vicina
960 835 1032 900 luco
1055 847 1103 901 est
1123 836 1188 901 ilex
1210 838 1328 925 etipsa

206 938 321 1004 nobilis
341 960 449 1002 xxxrv
470 937 589 1022 pedum
611 935 734 1000 ambitu
755 934 907 1014 caudicis,
929 959 953 998 x
968 936 1098 1001 arbores
1113 937 1243 1004 mittens
1259 939 1325 1004 sin-

206 1040 299 1127 gulas
320 1035 549 1126 magnitudinis
571 1036 722 1101 visendae
744 1037 918 1120 silvamque
941 1037 1008 1101 sola
1030 1038 1162 1104 faciens.

248 1142 300 1205 92.
322 1138 455 1203 Hedera
476 1137 585 1202 necari
607 1137 737 1203 arbores
759 1148 882 1202 certum
904 1146 962 1202 est.
986 1135 1097 1203 Simile
1119 1140 1272 1223 quiddam
1293 1153 1389 1207 staua

205 1244 239 1308 in
261 1242 358 1318 visco,
381 1238 505 1303 tametsi
528 1238 697 1304 tardiorem
711 1237 861 1302 iniuriam
875 1260 984 1303 earum
998 1239 1194 1305 arbitrantur
1201 1265 1210 1317 3
1233 1264 1324 1307 nam-

204 1365 267 1428 que
289 1353 322 1407 et
342 1342 402 1406 hoo
422 1351 550 1425 praeter
571 1339 695 1404 fructus
719 1339 925 1424 adgnoscitur
938 1361 1002 1404 non
1015 1340 1051 1403 in
1064 1340 1247 1407 novissimis
1262 1343 1324 1407 mi·

207 1443 316 1508 rabile.
341 1440 511 1523 Quaedam
532 1440 619 1504 enim
637 1439 670 1503 in
694 1450 779 1504 terra
799 1438 891 1525 gigni
905 1461 969 1503 non
984 1452 1120 1523 possunt
1135 1453 1167 1506 et
1180 1442 1214 1506 in
1227 1443 1323 1509 arho-
1337 1459 1388 1505 244

203 1544 293 1610 ribus
313 1552 502 1617 nascuntur3
529 1562 667 1624 namque
688 1561 762 1605 cum
784 1562 875 1605 suam
896 1539 1007 1605 sedem
1026 1562 1091 1606 non
1111 1540 1266 1622 habeant,
1288 1545 1324 1610 in

203 1646 307 1712 aliena
334 1644 453 1721 vivont,
482 1642 564 1708 sicut
590 1641 714 1706 viscum
736 1641 821 1704 etin
844 1636 940 1724 Syria
965 1640 1066 1705 herba
1087 1664 1170 1727 quae
1190 1657 1324 1711 vocatur

204 1747 347 1830 oadytas,
368 1766 433 1808 non
455 1753 578 1807 tantum
598 1739 767 1805 arboribus
789 1741 845 1805 sed
866 1739 947 1826 ipsis
962 1742 1056 1806 etiam
1070 1743 1170 1828 spinis
1184 1744 1322 1814 circum.

204 1849 335 1913 volvens
358 1867 444 1920 sese;
467 1843 545 1907 item
567 1841 652 1907 circa
672 1841 795 1927 Tempe
816 1841 1000 1907 Thessalica
1021 1865 1104 1927 quae
1125 1846 1323 1932 polypodion

203 1958 336 2014 vocatur
358 1956 389 2011 et
411 1967 493 2030 quae
516 1942 659 2009 dolichos
681 1965 719 2008 ac
740 1944 925 2027 serpyllum.
949 1941 1098 2009 Oleastro
1121 1968 1247 2031 quoque
1262 1949 1320 2014 de-

203 2059 315 2136 putato
336 2046 423 2130 quod
444 2045 606 2133 gignatur,
636 2054 752 2109 vocant
771 2042 929 2129 phanlias,
956 2045 1043 2129 quod
1069 2068 1146 2113 vero
1171 2048 1205 2112 in
1228 2049 1322 2134 spina

204 2150 346 2227 fullonia,
368 2146 632 2234 hippophaeston,
655 2145 821 2210 cauliculis
841 2145 1000 2224 inanibus,
1023 2147 1105 2212 foliis
1127 2149 1244 2233 parvis,
1266 2173 1319 2216 ra·

204 2252 275 2317 dice
303 2251 391 2327 alba,
424 2249 515 2315 cuius
545 2269 641 2313 sucus
669 2247 711 2312 ad
737 2247 948 2314 detractiones
976 2248 1010 2312 in
1038 2249 1188 2314 comitiali
1208 2251 1320 2316 morbo

202 2352 389 2417 utilissimus
410 2349 555 2415 habetur.

247 2455 297 2518 93.
320 2449 414 2516 Visci
429 2449 490 2513 tria
502 2472 637 2538 genera3
660 2471 798 2532 namque
819 2448 853 2513 in
875 2448 990 2529 abiete,
1012 2451 1109 2517 larice
1131 2451 1222 2518 stelin
1242 2452 1320 2517 dicit
1332 2466 1380 2511 24⁵

201 2554 336 2620 Euboea
356 2549 461 2627 nasci,
493 2549 637 2636 hyphear
662 2549 819 2628 Arcadia,
853 2550 976 2617 visoum
1002 2562 1110 2617 autem
1130 2553 1164 2618 in
1185 2575 1317 2638 quercu,

202 2655 327 2732 robore,
353 2652 435 2730 ilice,
461 2673 564 2736 pruno
591 2650 741 2728 silvestri,
771 2651 952 2717 terebintho
978 2675 1037 2718 neo
1059 2653 1129 2718 aliis
1151 2653 1317 2720 arboribus

202 2754 355 2843 adgnasci
380 2755 534 2840 plerique.
572 2750 839 2838 Copiosissimum
863 2754 897 2817 in
920 2775 1040 2838 quercu
1061 2755 1238 2840 adasphear
1259 2778 1316 2820 vo·
1403 2837 1405 2839 ‚

203 2870 283 2922 eant.
316 2854 464 2920 inomni
485 2853 613 2932 arbore,
646 2863 780 2939 excepta
802 2854 873 2920 ilice
895 2865 927 2920 et
948 2877 1078 2939 quercu,
1108 2856 1317 2921 differentiam

227 3025 533 3093 sapsinemoria,Barbar.
553 3025 657 3088 fayensi
670 3025 783 3086 monas.
802 3025 1016 3090 sopiaeimonssd.
1035 3067 1066 3076 ..
1090 3027 1174 3076 arbore
1185 3025 1315 3089 eximiae.

202 3096 310 3145 arboren
322 3109 396 3154 moro,
407 3094 441 3143 K.
454 3131 485 3141 -
497 3092 598 3153 amavit,
611 3094 683 3142 Tad.
701 3091 832 3154 adamavit,
842 3090 893 3158 βγ.
906 3133 937 3143 -
950 3109 996 3142 aon
1006 3092 1082 3154 modo,
1094 3111 1117 3144 a.
1134 3092 1210 3155 modo,
1223 3097 1268 3159 dr.
1284 3134 1312 3144 ..

202 3161 330 3227 ffuudcra
346 3163 378 3211 K.
398 3201 428 3210 -
455 3157 594 3220 XXXIV,
615 3151 684 3210 llud.
710 3160 855 3223 XXXVI,
871 3162 902 3211 Τ.
928 3161 1054 3223 XXXV,
1070 3156 1099 3223 β.
1123 3202 1153 3211 ..
1180 3161 1315 3222 mittem‚d

203 3231 290 3294 (codd.
303 3225 372 3289 Gal.)
394 3226 527 3287 millenas.
551 3226 670 3288 amiciam,
681 3229 731 3278 r¹².
754 3228 856 3290 menn,
868 3229 901 3279 K
923 3231 1041 3290 mandens,
1054 3229 1149 3280 Sabell.
1161 3239 1186 3279 at
1197 3230 1264 3280 Pint.
1283 3270 1313 3279 -

202 3296 340 3360 unamque,
352 3312 375 3345 a.
392 3293 484 3354 alvum,
496 3295 548 3344 Td.
566 3335 598 3344 -
608 3294 715 3357 faciens,
726 3297 821 3348 D²Td.
831 3296 937 3359 sociant,
948 3297 1015 3347 D¹a
1024 3296 1100 3363 facit,
1112 3292 1163 3361 βγ.

201 3432 228 3482 D
229 3367 254 3480 ἑ
263 3369 321 3414 248.
339 3361 444 3413 Similem
455 3358 594 3425 quideme.
614 3401 645 3411 ..
672 3360 783 3411 labrum
799 3378 889 3425 aarum,
905 3365 951 3414 ad
976 3379 1026 3415 aar.
1039 3359 1150 3428 lawr.
1176 3363 1315 3425 simiolus,

255 3446 291 3481 ec.

236 3501 327 3562 §²⁴⁴-
359 3492 481 3554 Quaedom
501 3495 573 3557 anim,
593 3511 617 3545 v.
634 3496 804 3561 Theophrast.
827 3499 859 3548 de
880 3513 948 3549 caus.
968 3500 1047 3563 plant.
1068 3497 1103 3547 11.
1128 3501 1165 3557 1⁷,
1186 3503 1210 3546 8.
1234 3536 1266 3545 -
1292 3504 1316 3546 et

202 3565 235 3626 in,
251 3565 324 3614 Tsd.
349 3561 397 3611 Est
411 3569 432 3611 et
447 3563 480 3623 in,
495 3557 545 3626 βγ.
564 3603 595 3614 ..
622 3562 729 3628 codytaa
746 3565 916 3629 Theophrast.
937 3574 1052 3630 wssytaa,
1067 3582 1081 3614 r
1098 3562 1183 3626 (codd.
1200 3564 1313 3624 Barbari,

202 3634 271 3696 qnod
286 3630 376 3695 probat
391 3629 494 3680 Gesner.
510 3631 570 3680 hist.
586 3631 663 3680 anim.
680 3638 704 3692 4,
722 3630 792 3695 ua.)
813 3639 901 3694 emma,
920 3625 983 3682 θεὰ
999 3629 1087 3692 (codd.
1103 3631 1210 3682 Salmas.
1231 3645 1313 3680 exerc.

202 3714 228 3764 p.
246 3705 304 3750 682.
320 3699 345 3748 b.
362 3698 408 3756 D.,
436 3699 479 3760 qui
496 3697 585 3746 canitae
601 3699 642 3747 vel
659 3705 755 3762 cocytos
771 3697 854 3762 legit).
872 3739 903 3748 ..
935 3698 1032 3762 Tempe,
1054 3697 1148 3748 Sabell.
1167 3705 1192 3745 et
1207 3697 1313 3747 Barbar.

207 3764 361 3829 Templi,ad.
380 3805 411 3813 -
438 3763 603 3824 etasaalicaa.
633 3763 777 3814 Thacalico.
798 3763 935 3814 Ιηηωοίιιιν
949 3764 1005 3813 aliis
1020 3761 1313 3827 etquoepolyp.,Dalec.

204 3873 235 3883 ..
254 3840 277 3881 at
287 3830 526 3896 qum-serpyllum,
538 3833 606 3882 delet
616 3834 684 3883 Pint.
702 3872 733 3881 ..
755 3831 890 3896 serpyllum,
903 3835 926 3881 d.
948 3830 1082 3895 serpullum,
1098 3824 1135 3881 Or
1152 3829 1237 3892 (codd.
1249 3833 1313 3881 Bar·

202 3899 278 3963 bari).
304 3897 427 3962 sepulum,
445 3914 468 3948 a.
486 3940 517 3947 ..
540 3898 654 3964 yiqnitur,
669 3915 688 3948 r.
709 3939 740 3947 -
762 3897 888 3961 placitas,
905 3899 1012 3950 Salmas.
1029 3913 1112 3948 exarc.
1127 3914 1151 3962 p.
1165 3903 1221 3949 911.
1233 3901 1257 3948 b.
1269 3902 1313 3960 D.,

203 3970 271 4032 qnod
282 3967 372 4031 probat
384 3966 500 4016 Schneid.
512 3968 545 4016 ad
553 3967 626 4016 Varr.
639 3969 670 4016 de
681 3981 707 4014 re
718 3973 779 4014 rust.
792 3970 814 4025 1,
824 3973 865 4016 40.
877 3981 902 4029 p.
912 3971 969 4015 84³.
984 3964 1100 4028 plaucos,
1112 3961 1201 4030 adsty.
1211 3967 1312 4028 faunos,

201 4035 290 4084 Dalec.
316 4033 383 4082 Add.
400 4033 544 4083 Schneider.
562 4034 594 4083 ad
606 4033 737 4095 Theophr.
755 4033 814 4081 hist.
826 4033 905 4095 plant.
920 4032 955 4082 11.
969 4040 993 4093 2,
1007 4037 1046 4081 ta.
1058 4042 1083 4083 et
1094 4033 1125 4082 dc
1138 4035 1208 4082 odor.
1222 4039 1262 4083 15.
1280 4074 1312 4084 -

201 4101 279 4164 spina,
291 4102 364 4150 codd.
378 4099 434 4151 Gal.
461 4098 606 4163 lapidae.
632 4097 785 4160 lupariae.
804 4139 835 4147 -
856 4098 1079 4164 lypoplactoin,a
1106 4099 1274 4165 lypqsaaoin,
1287 4101 1312 4151 d.

203 4208 234 4217 -
253 4166 381 4224 malahulb,
395 4167 446 4217 D².
471 4165 654 4231 pelliculam
681 4163 859 4225 minuatam.
885 4165 1006 4235 culpandi,
1022 4163 1052 4229 β.
1074 4167 1190 4231 capitalia,
1207 4169 1313 4217 Harde

202 4238 273 4285 codd.
287 4231 324 4296 (l)
335 4235 377 4283 val
389 4235 472 4297 potins
484 4250 517 4284 ex
528 4235 645 4284 Dioscor.
658 4240 682 4293 4,
696 4237 752 4283 loo.
1059 4247 1062 4253 ’
