2896 4792
327 272 398 321 arn.
414 274 489 322 xvr.
518 273 597 320 cnr.
613 271 714 320 xxxr.
731 272 844 320 xxxrr.
873 270 971 320 sacr.
986 272 1068 318 soma.
1213 254 1256 321 db

138 446 236 492 causa
256 424 319 490 alia
339 444 435 508 quarn
456 422 584 511 prodigi
606 423 761 490 cecidisse
788 422 904 488 multas
929 445 968 488 ac
990 444 1049 488 sua
1070 431 1183 510 sponte
1203 444 1256 491 rs·

138 524 328 592 surrexisse.
361 523 497 589 Factum
518 523 580 589 hoc
600 524 711 611 populi
732 523 870 590 Romani
891 521 1076 605 Quiritibus
1097 533 1258 590 ostentant

137 624 311 692 Cimbricis
339 624 431 690 bellis
456 623 616 689 Nuceriae
643 625 677 689 in
704 623 776 690 luco
804 623 936 690 Iunonis
962 624 1060 703 ulmo,
1089 635 1259 710 postquam

137 727 235 793 etiam
257 749 409 793 cacumen
432 736 631 813 amputatum
652 737 731 805 erat,
753 727 904 811 quoniam
916 724 950 790 in
964 748 1053 791 aram
1066 725 1170 812 ipsam
1183 748 1259 814 pro·

137 827 321 906 cumbebat,
349 828 497 893 restituta
524 837 649 912 sponte,
677 828 723 892 ita
749 838 784 891 ut
803 827 956 912 protinus
980 826 1120 906 floreret,
1149 848 1170 891 a
1194 847 1259 911 quo

136 928 255 994 deinde
277 940 421 1014 tempore
435 927 585 993 maiestas
600 928 711 1015 populi
725 927 863 992 Romani
883 928 1070 1007 resurrexit,
1085 949 1169 1013 quae
1184 939 1259 994 ante

138 1040 266 1095 vastata
292 1029 438 1095 cladibus
469 1028 585 1093 fuerat.
621 1028 820 1093 Memoratur
841 1027 902 1093 hoc
923 1028 1008 1092 idem
1031 1027 1153 1095 factum
1173 1038 1205 1094 et
1225 1028 1322 1092 in133

137 1129 296 1216 Philippis
322 1129 419 1194 salice
448 1128 603 1215 procidua
634 1140 729 1212 atque
760 1126 964 1205 detruncata,
998 1138 1031 1193 et
1063 1126 1200 1217 Stagiris
1226 1129 1260 1193 in

139 1253 252 1296 museo
274 1230 394 1316 populo
416 1228 498 1307 alba,
528 1228 752 1294 omniasancti
781 1227 905 1293 ominis
939 1226 1007 1294 Sed
1028 1251 1176 1295 maxume
1198 1229 1259 1294 mi·

139 1353 222 1410 rum,
247 1329 410 1396 Antandri
434 1331 583 1416 platanus
610 1329 705 1395 etiam
732 1328 970 1394 circumdolatis
991 1329 1144 1396 lateribus
1166 1329 1260 1394 resti·

138 1430 212 1498 bilis
244 1443 357 1518 sponte
388 1433 472 1497 facta
504 1431 651 1515 vitaeque
684 1429 809 1494 reddita
845 1430 1047 1518 longitudine
1079 1429 1260 1516 quindecim

138 1531 329 1611 cubitorum,
352 1532 564 1598 crassitudine
585 1543 737 1616 quattuor
756 1530 914 1620 ulnarum.

182 1635 231 1698 58.
254 1631 399 1698 Arbores
419 1654 499 1717 quas
526 1642 660 1697 naturae
680 1630 855 1697 debeamus
878 1630 982 1697 tribus
1003 1629 1107 1696 modis
1122 1651 1260 1696 nascun-
1276 1644 1324 1690 ¹³⁴

141 1743 204 1812 tur,
229 1743 344 1818 sponte
365 1744 421 1798 aut
442 1734 562 1799 semine
583 1744 639 1798 aut
659 1732 701 1798 ab
717 1732 834 1798 radice.
859 1729 947 1798 Cura
960 1732 1160 1798 numerosior
1174 1731 1260 1797 exsi-

138 1834 206 1912 stit,
234 1835 276 1901 ds
297 1855 361 1918 qua
383 1857 441 1900 suo
462 1832 606 1899 dicemus
627 1833 802 1910 volumine3
835 1855 920 1900 nunc
943 1832 1028 1898 enim
1049 1842 1135 1899 totus
1156 1855 1261 1900 sermo

139 1933 180 2001 de
201 1948 316 2000 natura
338 1945 386 2001 est
399 1936 514 2001 multis
528 1934 631 2000 modis
645 1934 798 2019 mirisque
812 1933 1020 2001 memorabili.
1035 1931 1183 2020 Namque
1196 1956 1260 1999 non

140 2036 249 2102 omnia
268 2037 303 2100 in
323 2036 471 2102 omnibus
491 2036 569 2102 loeis
587 2036 677 2101 nasci
692 2035 868 2114 docuimus,
889 2058 953 2101 neo
967 2034 1119 2100 translata
1133 2034 1259 2115 vivere;

139 2133 200 2201 hoc
232 2137 311 2202 alias
342 2137 488 2216 fastidio,
528 2137 608 2203 alias
641 2136 857 2214 contumacia,
892 2135 1022 2223 saepius
1053 2134 1260 2202 inbecillitate

139 2258 351 2322 eorumquae
372 2240 604 2305 transferantur
625 2239 741 2317 evenit,
769 2239 848 2305 alias
869 2239 956 2305 caelo
977 2236 1152 2316 invidente,
1180 2236 1260 2302 alias

137 2339 207 2404 solo
226 2349 436 2425 repugnante.

181 2441 233 2505 59.
266 2438 406 2504 Fastidit
430 2439 608 2505 balsamum
635 2438 711 2505 alibi
737 2440 829 2505 nasci
862 2486 954 2506 .....
961 2488 970 2518 ,
992 2439 1131 2524 Assyria
1155 2438 1259 2504 malus
1273 2453 1320 2499 tas

139 2610 254 2661 formulis
265 2627 290 2676 p
303 2615 343 2663 ot.
355 2614 394 2662 ed.
406 2612 496 2672 Bacb,
506 2607 536 2673 β.
559 2613 593 2662 V.
606 2611 718 2661 Gronov.
737 2613 802 2662 obss.
815 2619 838 2671 4,
854 2619 893 2662 14.
906 2613 938 2660 ad
951 2611 1018 2662 Gall.
1033 2617 1055 2672 1,
1070 2616 1121 2670 12,
1140 2610 1257 2671 Niebuhr,

140 2676 212 2727 Rea.
227 2676 309 2729 Garri.
324 2686 347 2741 l,
359 2683 417 2730 326.
429 2689 455 2730 ct
466 2678 569 2738 Becker,
585 2678 655 2728 Rau.
668 2674 771 2728 Altertlt.
784 2685 808 2739 2,
820 2685 861 2729 23.
879 2719 910 2728 ..
935 2676 1026 2738 bellam,
1038 2680 1074 2728 a'.
1093 2719 1124 2727 -
1147 2686 1256 2741 arrrputa·

140 2752 274 2806 mentatum,
290 2739 339 2795 Oa.
358 2787 389 2795 -
405 2745 492 2810 populi
500 2744 612 2805 Romani,
626 2747 648 2794 d.
665 2762 704 2810 μμ,
719 2763 740 2794 a.
763 2787 790 2794 ..
802 2746 890 2809 suerat
901 2742 1015 2806 cladibus,
1029 2747 1052 2795 d.
1192 2751 1195 2756 '

174 2814 189 2874 ξ
204 2818 259 2863 133.
286 2829 380 2861 musaeo
392 2812 481 2876 ropulo,
494 2829 517 2862 a.
537 2854 567 2862 ..
586 2811 709 2873 restibulis,
722 2829 745 2862 a.

173 2878 259 2940 §lat
283 2880 366 2940 extitit,
378 2897 401 2930 a.
423 2921 456 2930 ..
484 2878 636 2940 disertuli,
650 2885 680 2930 58
694 2895 764 2943 seqq.
782 2920 814 2929 ..
836 2882 977 2940 est,om.d.
998 2920 1028 2929 -
1051 2878 1170 2928 domimus
1181 2881 1256 2931 variis

138 2947 210 2996 locis
229 2987 260 2995 -
279 2944 403 3008 bonolius,
416 2948 446 2998 Τ.
468 2945 608 3008 kaacalias,
622 2949 646 2996 d.
664 2943 706 2996 boc
717 2946 822 3010 aliaque,
837 2938 881 2998 Oa.
899 2945 986 3010 bosque
998 2945 1068 3009 alias,
1079 2942 1109 3008 β,
1127 2988 1158 2998 ...
1178 2955 1256 2995 baas-

131 3015 257 3077 seruatur,
274 3007 322 3064 Oa.
341 3015 524 3076 uausfmuatur,
536 3009 587 3076 ᾱβ.

173 3083 188 3145 5
202 3086 258 3131 tao.
282 3081 351 3130 aurci
363 3079 475 3146 Assyria,
492 3083 565 3132 codd.
577 3081 644 3143 (iel,
656 3097 732 3144 quam
749 3082 885 3132 lectionem
899 3081 999 3143 retinui,
1019 3082 1111 3132 lacuna
1122 3092 1206 3133 tamtm
1217 3084 1256 3133 in·

139 3149 231 3198 dicata.
254 3147 323 3197 nasci
337 3156 426 3197 natura
441 3147 489 3198 nisi
504 3149 529 3198 in
546 3147 629 3212 Syrtis,
640 3163 657 3197 a
672 3149 780 3212 (Rigalt.
798 3164 838 3213 ap.
852 3149 960 3200 Salmas.
973 3164 1056 3199 exerc.
1068 3164 1093 3213 p.
1106 3153 1163 3200 677.
1176 3167 1199 3200 a.
1211 3149 1255 3213 u)

138 3214 208 3264 nasci
217 3223 307 3263 natura
319 3213 401 3280 Syria,
417 3208 466 3266 θΤ
473 3218 496 3266 d.
521 3214 594 3277 acad,
607 3223 666 3264 nata
676 3215 787 3280 Assyria,
799 3217 878 3266 Hand.
890 3230 915 3281 γ.
933 3215 988 3266 Iam
1001 3231 1059 3266 cnm
1070 3218 1123 3280 ipse
1135 3218 1202 3267 Plin.
1216 3223 1255 3279 ta,

141 3287 198 3332 111.
217 3283 378 3334 disertissime
394 3291 478 3334 narret
494 3284 637 3334 balsamum
653 3284 697 3332 uni
714 3291 836 3334 terramm
849 3282 960 3334 Iudaeae
972 3298 1120 3334 conoessum
1136 3299 1199 3345 esse,
1211 3299 1256 3348 per

139 3350 287 3412 scripturam
305 3352 395 3414 optimi
413 3352 507 3402 codicis
523 3367 539 3401 a
554 3349 602 3399 nai
617 3351 642 3398 ia
658 3365 739 3414 pasus
755 3352 826 3400 inviti
844 3365 875 3400 eo
888 3352 1014 3412 ducimur,
1032 3360 1060 3401 nt
1071 3352 1182 3401 Plinium
1195 3353 1255 3402 scri·

138 3418 218 3480 psisse
234 3419 347 3467 dicamus
364 3416 412 3466 nisi
426 3417 451 3466 in
468 3415 568 3467 Iudaea.
595 3417 651 3467 Illis
666 3432 726 3467 vero
743 3419 848 3468 vocibus
864 3417 912 3467 uiri
925 3417 950 3466 ia
966 3433 1023 3468 cum
1040 3419 1066 3468 in
1083 3421 1172 3469 eodem
1189 3418 1254 3470 libro

138 3485 278 3549 praemissa
288 3486 388 3547 legatur
399 3500 452 3534 vox
463 3493 558 3545 aalma,
575 3499 641 3548 quae
651 3485 753 3534 librario
765 3486 860 3535 codicis
872 3501 885 3534 r
896 3501 984 3536 ansam
996 3487 1096 3550 ineptae
1108 3502 1168 3536 suae
1179 3488 1255 3536 inter·

138 3551 277 3614 polationis
298 3551 465 3615 proferendae
486 3553 567 3602 dedit:
585 3551 658 3601 nasci
682 3549 782 3603 Natura
802 3551 850 3600 uisi
869 3550 894 3600 ia
911 3551 987 3618 Syria
1002 3551 1089 3616 uoluitf
1116 3570 1156 3603 nec
1172 3569 1217 3602 aaa
1233 3560 1256 3600 et

135 3617 243 3680 palmam
260 3617 329 3667 amni
342 3619 383 3667 ubi
398 3627 441 3668 aut
457 3627 546 3679 autam,
563 3619 668 3669 ulterius
680 3618 757 3668 etiarn
767 3619 840 3671 nobis
851 3621 1063 3683 progrediendum
1075 3630 1119 3671 ost.
1143 3622 1256 3672 Tantum

139 3686 206 3734 anim
218 3685 297 3748 abest,
314 3695 343 3736 ut
358 3701 414 3736 eam
426 3702 495 3736 mero
508 3687 577 3737 casui
590 3687 736 3747 tribuamus,
752 3695 781 3736 ut
791 3689 890 3738 detecta
900 3688 976 3738 huius
987 3689 1058 3738 vocis
1069 3689 1142 3751 origo
1159 3703 1207 3737 uos
1222 3687 1255 3736 ad

139 3753 262 3804 maloram
279 3755 398 3804 bennam
415 3756 581 3818 detegendam
594 3754 731 3804 certissima
743 3757 833 3804 ducere
845 3755 967 3806 videatur.
989 3754 1021 3807 In
1033 3757 1063 3805 iis
1075 3756 1171 3805 scilicet
1182 3753 1254 3816 plan-

138 3817 179 3880 tis,
188 3835 254 3882 quae
265 3822 309 3870 uni
321 3822 400 3870 modo
409 3831 488 3871 terrae
500 3823 616 3885 propriae
627 3829 705 3882 eraut,
718 3829 787 3871 certo
799 3822 907 3885 primurn
919 3824 1005 3872 locum
1017 3821 1179 3880 obtinuerunt
1189 3827 1255 3882 tura,

139 3901 205 3950 quae
216 3889 270 3952 ipse
281 3889 347 3938 Plin.
363 3892 402 3950 ta,
416 3895 455 3939 51.
468 3890 532 3939 ualli
544 3897 624 3939 terrae
636 3887 713 3938 fnisse
726 3890 787 3939 dicit
802 3897 902 3953 praeter
917 3891 1047 3941 Arabiam.
1069 3888 1217 3938 Balsamum
1229 3896 1256 3937 et

138 3955 235 4005 malum
252 3956 384 4019 Assyriam
401 3957 423 4007 si
439 3965 526 4008 nostro
543 3957 603 4007 loco
620 3956 670 4006 hoc
687 3958 789 4007 nomine
805 3957 1100 4016 commemoravimus,
1119 3955 1255 4018 permirum

139 4030 188 4082 est,
207 4023 227 4072 si
244 4033 301 4073 tura
316 4023 413 4085 omisit;
431 4032 458 4074 at
473 4039 526 4074 non
541 4024 638 4085 omisit,
655 4039 744 4074 rernm
759 4025 907 4075 interierunt
921 4038 982 4073 casu
998 4031 1023 4073 st
1035 4022 1167 4073 oscitantia
1177 4023 1254 4074 libra·

138 4088 240 4138 riorum.
264 4090 295 4139 In
311 4105 374 4139 voce
391 4092 488 4141 scilicet
505 4099 593 4140 nutura
608 4092 653 4140 ille
668 4091 754 4141 frutex
771 4091 909 4140 clarissima
924 4096 1034 4153 prostat,
1050 4095 1086 4150 ct,
1102 4089 1152 4140 nisi
1168 4089 1254 4153 fallor,

138 4155 205 4205 Plin.
217 4158 254 4206 ita
265 4157 409 4220 scripserat:
427 4157 533 4207 Fastidit
549 4156 678 4207 balsamum
690 4157 751 4207 abbi
759 4157 827 4206 nasci
838 4156 903 4206 nisi
918 4156 947 4204 in
964 4153 1095 4217 Iudaea,
1114 4165 1183 4207 tura
1195 4157 1257 4207 nisi

138 4220 168 4271 ia
184 4221 312 4286 Arabia,
330 4223 435 4290 Assyria
445 4223 522 4274 malua
533 4227 578 4275 rat
595 4226 681 4276 Voces
691 4224 740 4274 nisi
749 4224 772 4273 ia
784 4225 823 4273 bis
833 4231 988 4275 recurrentes
1000 4225 1103 4322 pupius,
1121 4234 1149 4277 at
1158 4225 1254 4290 saepis·
