2896 4792
444 296 515 344 nra.
530 296 633 344 xvm.
661 295 739 342 car.
756 296 804 343 v1.
834 293 933 342 snos.
948 295 967 338 r.
980 295 1000 336 s.
1227 277 1287 345 147

167 446 246 517 Ooli
269 467 346 510 rma
371 445 412 511 ab
440 445 612 532 ergastulis
639 445 814 531 pessimum
841 454 892 510 est
912 455 945 509 et
964 443 1121 529 quidquid
1142 445 1250 533 agitur
1270 467 1290 513 a

165 544 423 632 desperantibus.
446 544 667 613 Temerarium
682 544 830 609 rideatur
842 567 941 609 unam
955 565 1068 611 vocem
1086 545 1291 630 antiquorum

164 646 330 733 posuisse,
364 655 396 710 et
422 646 567 712 fortassis
593 642 782 710 incredibile
808 645 939 730 penitus
966 655 1180 724 aestumetur,
1211 646 1291 711 nihil

165 746 447 832 minus'expedirs
466 768 563 830 quam
583 768 698 832 agrum
712 756 842 832 optume
858 746 972 812 colere.
995 746 1036 811 L.
1052 747 1172 813 Tarius
1185 747 1291 814 Rufus
1303 760 1335 813 at

164 847 275 914 infima
294 846 449 913 natalium
470 845 648 912 humilitate
670 845 871 911 consulatum
892 847 1021 911 militari
1043 847 1201 913 industria
1221 872 1291 915 me·

68 970 72 975 ·
165 949 265 1025 ritus,
287 948 438 1032 antiquae
460 947 540 1012 alias
561 946 790 1032 parsimoniae,
813 946 940 1012 circiter
961 947 1064 1013 milies
1085 946 1157 1021 HS.
1172 950 1292 1016 libera·

164 1050 257 1116 litate
295 1049 361 1114 divi
399 1047 544 1134 Augusti
581 1059 770 1137 congestum
808 1070 912 1133 usque
949 1049 992 1112 ad
1029 1049 1292 1121 detractationem

165 1150 294 1219 heredis
323 1149 471 1216 exhausit
502 1171 599 1238 agros
625 1150 659 1213 in
685 1148 805 1215 Piceno
837 1149 1011 1216 coemendo
1039 1151 1237 1238 colendoque
1257 1153 1291 1218 in

167 1252 315 1340 gloriam.
356 1250 611 1316 Intemeoionem
644 1271 722 1336 ergo
744 1250 924 1333 famemque
957 1255 1145 1317 censemus?
1183 1255 1291 1331 immo,

166 1346 337 1431 Heroides,
358 1350 505 1429 modum,
528 1350 668 1417 iudicem
683 1372 790 1415 rerum
805 1350 946 1414 omnium
962 1351 1178 1418 utilissimum.
1199 1352 1292 1419 Bene
1304 1365 1336 1413 aa

166 1454 271 1520 colere
302 1452 522 1518 necessarium
554 1460 617 1529 est,
661 1461 792 1536 optume
824 1449 1029 1529 damnosum,
1066 1464 1291 1538 praeterquam

168 1554 296 1631 subole,
319 1576 377 1620 suo
398 1553 511 1619 colono
533 1561 590 1616 aut
603 1550 792 1637 pascendis3
816 1550 934 1635 alioqui
950 1553 1074 1618 colente
1089 1553 1218 1621 domino
1231 1555 1292 1620 ali·

166 1674 248 1738 quas
268 1653 384 1718 messis
405 1654 558 1740 colligere
580 1675 645 1718 non
667 1651 817 1737 expedit,
840 1653 867 1717 si
890 1664 1084 1739 conputetur
1103 1655 1292 1740 inpendium

165 1776 292 1841 operae.
328 1753 399 1819 Neo
429 1765 549 1820 temere
579 1753 696 1820 olivam
726 1775 788 1818 nec
814 1754 970 1837 quasdam
995 1765 1096 1821 terras
1120 1757 1293 1843 diligenter

166 1857 285 1932 colere,
310 1854 393 1921 siout
413 1853 448 1920 in
470 1851 597 1932 Sicilia,
621 1854 768 1929 tradunt3
795 1853 904 1938 itaque
926 1854 1032 1942 decipi
1054 1855 1205 1923 advenas.

209 1957 240 2021 8.
264 1952 414 2036 Quonam
435 1955 536 2042 igitur
556 1954 654 2021 modo
675 1953 844 2020 utilissime
866 1954 1013 2020 coluntur
1034 1958 1127 2045 agri?
1148 1957 1201 2022 Ex
1217 1981 1291 2025 ors·
1304 1969 1337 2016 ³⁹

166 2056 239 2126 culo
260 2056 398 2133 scilicet,
426 2055 520 2120 malis
541 2055 644 2121 bonis.
679 2051 748 2121 Sed
777 2054 908 2120 defendi
935 2078 1070 2140 aequom
1100 2070 1148 2124 est
1171 2060 1292 2126 abaron

166 2157 223 2240 qui
244 2156 425 2242 praeceptis
446 2156 514 2222 suis
534 2178 731 2243 prospexere
754 2155 838 2222 vitae
845 2180 855 2232 3
882 2179 1021 2242 namque
1048 2182 1122 2225 cum
1149 2160 1293 2226 dicerent

165 2250 273 2334 malis,
300 2257 487 2346 intellegere
508 2257 638 2322 voluere
660 2257 844 2323 vilissimos.
878 2255 1048 2324 Summum
1069 2260 1292 2346 providentiae

152 2328 292 2423 'illenim
312 2358 374 2423 fuit
394 2372 431 2422 ut
453 2379 549 2442 quam
570 2358 748 2422 minumum
770 2367 855 2423 esset
876 2357 1026 2444 inpendi3
1049 2360 1292 2446 praecipiebant

167 2457 252 2524 enim
273 2458 337 2525 ista
362 2459 418 2542 qui
446 2458 655 2542 triumphales
678 2459 779 2522 denas
810 2461 936 2544 argenti
963 2460 1062 2526 libras
1088 2462 1122 2524 in
1149 2464 1311 2547 supelle-¹

166 2560 241 2625 ctile
263 2559 386 2624 crimini
413 2559 549 2637 dabant,
580 2560 636 2642 qui
658 2568 785 2623 mortuo
811 2559 906 2624 vilico
931 2560 1112 2644 relinquere
1140 2562 1291 2628 victorias
1311 2552 1316 2561 ¹

166 2670 199 2725 et
218 2659 336 2726 reverti
356 2660 390 2723 in
410 2681 487 2723 rura
509 2681 568 2726 sua
587 2659 812 2745 postulabant,
845 2681 983 2743 quorum
1004 2660 1135 2724 heredia
1156 2661 1290 2726 colenda

166 2759 362 2844 suscipiebat
386 2745 440 2826 res
467 2759 612 2847 publiea,
631 2760 870 2844 'exercitusque
896 2758 1059 2826 ducebant
1087 2772 1200 2825 senatu
1226 2760 1290 2827 illis

166 2861 328 2943 vilicante.
362 2859 445 2926 Inde
473 2860 528 2925 illa
555 2861 679 2945 reliqua
707 2882 748 2925 ex
775 2861 921 2926 oraculo:
955 2883 1094 2946 nequam
1116 2860 1335 2947 agricolano

166 2983 249 3038 esse,
272 2960 419 3045 quisquis
440 2973 559 3028 emeret
571 2961 657 3049 quod
671 2970 836 3053 praestare
851 2962 882 3027 ei
895 2961 1014 3033 fundus
1028 2971 1147 3048 posset,
1169 2962 1289 3028 malum

162 3164 333 3228 potuissqad.
354 3205 380 3215 ..
411 3163 551 3226 ineredsbile,
565 3168 588 3216 d.
615 3164 796 3228 ίπσνεάἰὸίἱεηί,
814 3167 845 3216 Τ.
872 3166 1072 3230 incredibilem.
1092 3208 1123 3218 ..
1145 3167 1288 3230 necamur,

169 3224 239 3283 ead.
258 3232 408 3294 emunaetas,
420 3228 449 3294 β.

198 3318 268 3443 337.
290 3316 381 3378 Tatiae,
393 3317 426 3366 K.
445 3357 477 3365 ..
500 3316 530 3365 ab
542 3314 632 3377 infima,
646 3317 699 3366 Td.
718 3358 748 3366 -
768 3315 878 3378 militare,
890 3332 913 3366 a.
933 3357 964 3366 ..
982 3316 1057 3366 milies
1070 3316 1169 3379 Hem.
1187 3315 1253 3381 in(i.
1265 3332 1289 3369 ο.

166 3379 198 3429 11
221 3399 263 3443 ,a.
286 3381 350 3431 mille
360 3381 443 3431 siclam
454 3384 496 3432 vel
508 3383 646 3443 sestertium,
658 3385 764 3434 Barbar.
784 3425 815 3433 ..
838 3381 1038 3444 detractationem,
1051 3387 1090 3434 a2.
1114 3384 1288 3445 reomaense,

167 3453 203 3498 ab
221 3445 543 3514 ammoneantur.-
563 3449 664 3511 sacam,
677 3467 700 3500 a.
712 3491 744 3500 -
763 3450 907 3513 Piscenae.
921 3493 952 3500 -
971 3449 1002 3499 In
1011 3450 1092 3515 pluria
1102 3453 1287 3515 interneciones,

165 3517 245 3569 Hsrd.
264 3557 295 3566 ..
313 3515 436 3577 Hercules,
448 3519 522 3568 Tad.
545 3516 657 3579 Hercula,
669 3514 698 3579 β.
718 3559 749 3566 -
773 3517 874 3579 modum,
886 3519 937 3568 Τὰ.
959 3517 1038 3587 mpdu,
1049 3522 1089 3569 a².
1112 3518 1187 3580 modo,
1199 3522 1236 3570 ⁸¹.
1253 3559 1286 3569 ..

166 3582 273 3644 indicem,
289 3580 389 3634 Orac.
407 3582 493 3645 iudico,
505 3579 534 3645 β.
554 3625 584 3634 ..
604 3584 705 3635 omnium
717 3601 804 3645 reneri,
816 3586 869 3634 Τὰ.

200 3666 269 3727 538.
285 3683 328 3716 sao
352 3661 449 3719 orsu
467 3685 520 3729 aaa,
532 3669 637 3720 Barbar.
648 3664 679 3731 β.
692 3709 724 3718 ..
741 3667 822 3718 colono
833 3676 883 3730 cat,
899 3660 997 3719 OTad.
1015 3667 1130 3731 colossos,
1142 3671 1246 3721 Barbas.
1255 3663 1286 3730 β,

166 3773 198 3784 ..
216 3733 311 3795 arae,
327 3704 426 3786 insa
438 3736 496 3788 cm.
508 3731 537 3796 a.

199 3816 268 3877 539.
286 3815 400 3878 colantur,
411 3823 456 3869 ad.
477 3816 588 3880 sebatur,
599 3815 629 3880 β.
648 3859 680 3869 ..
698 3815 847 3883 defendendi,
860 3820 884 3867 d.
903 3858 933 3867 -
953 3818 1043 3879 abeam
1055 3835 1078 3869 a
1098 3860 1127 3868 -
1143 3824 1289 3882 prosperare

162 3885 297 3947 praeceptis
308 3884 364 3946 aab,
380 3886 405 3934 d.
423 3926 455 3936 ..
479 3902 586 3949 caraque,
603 3879 702 3937 orsu.
726 3884 800 3946 Nam,
816 3879 847 3946 β.
869 3884 933 3945 Nec,
951 3885 1055 3938 Gesner.
1068 3888 1204 3936 chrestom.
1217 3887 1286 3936 Plin.

165 3966 190 4014 p.
204 3957 261 4003 ⁵95.
280 3993 311 4002 ..
330 3950 667 4016 smmprudrntias,rint
686 3995 717 4002 -
736 3968 792 4013 cass,
805 3968 828 4002 a.
848 3993 878 4002 -
898 3953 1058 4017 triumphales,
1071 3956 1115 4003 ad.
1140 3951 1287 4016 triumphali,

164 4013 194 4078 β.
212 4059 244 4073 ,.
267 4035 327 4068 rara
337 4035 389 4081 aaa,
401 4022 446 4071 ad
469 4036 515 4069 aaa
526 4037 593 4082 nea,
609 4016 660 4084 βγ.
680 4061 712 4070 ..
735 4017 841 4082 heredia,
854 4021 898 4073 Τά
916 4018 1002 4082 (codd.
1016 4023 1094 4072 'lbra
1107 4022 1163 4071 adr.
1176 4027 1217 4081 80,
1232 4018 1287 4084 lt.)

164 4082 285 4147 havedic,
301 4079 349 4136 Oa.
364 4085 475 4150 pradia,
487 4083 517 4149 β.
536 4128 567 4139 ..
587 4087 726 4155 respublica,
739 4089 784 4137 cd.
801 4087 833 4138 P.
845 4087 887 4148 lt,
900 4087 932 4137 T.
952 4129 983 4138 ..
1002 4087 1046 4151 illi,
1058 4104 1081 4137 a

199 4167 214 4228 ξ
226 4175 267 4219 4ο.
285 4167 352 4232 lade,
366 4171 391 4219 d.
411 4167 443 4221 Ia
455 4168 500 4233 dis,
512 4185 536 4220 a.
555 4211 586 4221 ..
605 4187 636 4220 sa
646 4169 749 4233 ονωιάο,
761 4173 797 4221 ita
809 4186 857 4223 nos
868 4171 1021 4236 scripsimus.
1039 4169 1176 4233 samosate,
1187 4187 1211 4223 a.
1228 4187 1285 4224 sra-

164 4230 310 4300 ndadssr·
1064 4301 1082 4337 g
