2896 4792
419 283 488 328 mn.
504 283 564 327 xx.
594 282 672 328 cnr.
690 282 792 328 xxm.
823 249 920 327 sscr.
935 282 1018 325 um.
1216 265 1277 329 357

158 446 263 499 autem
287 444 319 498 et
339 445 431 497 aceto
446 442 555 498 contus
570 432 703 496 sudores
717 431 893 498 inmodicos
910 431 959 496 vel
981 433 1022 495 in'
1036 430 1181 497 febribus
1202 454 1276 518 pro·

144 536 233 600 'ficit
268 532 374 598 Sucus
394 533 515 599 ferulae
537 534 640 598 alvom
665 532 760 599 solvit
787 532 879 598 fabae
901 532 1122 622 magnitudine
1144 532 1278 600 devora·
1293 550 1339 595 261

159 647 228 712 tus3
252 635 387 728 eqviridi
409 634 548 699 medulla
570 634 672 699 volvis
694 635 782 700 utilis
804 646 853 700 est
873 634 915 698 ad
937 634 1043 700 omnia
1060 657 1098 698 ea
1113 633 1199 700 vitia.
1223 632 1280 698 Ad

159 736 347 823 sanguinem
371 735 548 800 sistendum
562 735 675 800 decem
696 758 799 822 grana
821 736 952 801 seminis
973 733 1129 801 bibuntur
1150 735 1184 798 in
1206 734 1280 800 vino

159 837 234 902 trita
255 837 305 904 vel
327 860 399 901 cum
421 837 569 902 medulla.
593 835 677 901 Sunt
698 838 753 922 qui
775 837 985 902 comitialibus
1004 835 1124 902 morbis
1139 835 1280 901 dandum

158 950 272 1024 putent
292 940 369 1003 luna
390 963 449 1003 1111.
472 961 575 1023 usquc
596 962 652 1003 vn.
674 939 814 1026 lingulae
836 961 998 1003 mensura.
1020 936 1146 1003 Natura
1159 936 1279 1001 ferula·

158 1061 229 1103 rum
251 1040 393 1105 murenis
416 1039 624 1104 infestissima
645 1051 705 1116 est,
728 1050 831 1105 tactae
852 1040 1011 1124 siquidem
1031 1062 1070 1104 ea
1092 1038 1280 1103 moriuntur.

159 1137 277 1204 Castor
298 1141 417 1205 radicis
441 1162 553 1205 sucum
575 1151 608 1205 et
628 1139 793 1207 oculorum
819 1141 957 1206 claritati
980 1140 1125 1206 conferre
1145 1136 1281 1203 multum

158 1242 293 1326 putavit.

201 1343 251 1407 99.
279 1343 323 1406 Et
349 1345 389 1408 de
411 1344 603 1408 carduorum
631 1353 703 1407 satu
729 1342 813 1408 inter
834 1342 999 1408 hortensia
1020 1343 1178 1418 diximus,
1199 1363 1280 1425 qua·
1295 1359 1344 1404 ssa

157 1453 289 1528 propter
309 1454 341 1507 et
363 1443 553 1508 medicinam
574 1465 615 1508 ex
636 1443 677 1508 iis
699 1466 763 1509 non
778 1443 972 1510 differamus.
997 1440 1203 1509 Silvestrium
1223 1463 1281 1528 ge·

158 1566 237 1608 nera
258 1554 334 1608 sunt
355 1544 430 1623 duo,
453 1567 552 1609 unum
571 1544 755 1610 fruticosius
776 1567 797 1608 a
818 1555 903 1609 terra
917 1545 1036 1621 statim,
1058 1543 1193 1609 alterum
1207 1541 1280 1605 uni-

158 1645 249 1710 caule
271 1645 411 1710 crassius
418 1671 427 1723 3
450 1647 579 1731 utrique
603 1645 679 1713 folia
700 1668 814 1732 pauca,
837 1647 978 1731 spinosa,
1000 1645 1165 1710 muricatis
1185 1664 1280 1709 cacu-

158 1743 315 1824 minibus,
354 1747 411 1810 sed
437 1749 517 1812 alter
545 1746 656 1813 dorem
690 1768 889 1834 purpureum
919 1746 1018 1812 mittit
1046 1747 1131 1811 inter
1157 1743 1281 1810 medios

158 1846 285 1911 aculeos
312 1847 457 1912 celeriter
484 1858 708 1913 canescentem
735 1859 767 1914 et
793 1848 964 1914 abeuntem
991 1870 1064 1913 cum
1086 1867 1180 1922 aura;
1209 1844 1280 1909 eat-

158 1952 250 2030 λυμον
274 1946 393 2014 Graeci
415 1961 542 2015 vocant.
574 1948 641 2016 Hic
663 1960 836 2034 antequam
856 1949 968 2016 floreat
989 1959 1164 2015 contrmsus
1185 1956 1280 2031 atque
1294 1964 1344 2011 ass

157 2071 331 2136 expressus
363 2049 454 2118 inlito
487 2073 564 2117 suco
586 2051 745 2138 alopecias
766 2050 879 2138 replet.
915 2050 1023 2116 Radix
1048 2050 1279 2133 cuiuscumque

157 2173 198 2214 ex
219 2173 304 2235 aqua
324 2152 456 2219 decocta
477 2152 643 2238 potoribus
666 2154 752 2219 sitim
770 2154 875 2219 facere
889 2164 1056 2231 narratur;
1080 2149 1280 2217 stomachum

157 2250 348 2316 conroborat
369 2264 401 2316 et
422 2254 535 2331 volvis,
558 2255 585 2319 si
607 2254 778 2333 credimus,
801 2255 895 2319 etiam
910 2255 1055 2320 conferre
1069 2252 1191 2338 aliquid
1212 2261 1280 2315 tra-

158 2348 260 2427 ditur,
286 2361 323 2414 ut
350 2374 454 2417 mares
482 2354 674 2438 gignentum
708 2355 753 2418 ita
779 2355 865 2420 enim
892 2353 1046 2421 Glaucias
1073 2352 1202 2439 scripsit
1222 2351 1279 2437 qui

158 2450 242 2514 circa
273 2452 409 2516 carduos
442 2452 708 2540 diligentissimus
740 2454 876 2520 videtur.
912 2453 1072 2520 Mastiche
1105 2477 1124 2519 e
1152 2451 1279 2518 carduis

157 2551 289 2618 odorem
310 2552 499 2618 conmendat
520 2554 597 2619 uris.

158 2825 269 2876 Gronov.
289 2867 320 2877 ..
347 2787 543 2889 veliiidullffl
559 2830 650 2880 eodem
663 2834 813 2879 atramento.
839 2827 997 2892 salmedaliu,
1012 2826 1076 2891 adss
1098 2867 1105 2881 .
1125 2870 1156 2880 ..
1182 2827 1277 2887 morbis,

157 2895 203 2942 sd.
230 2893 273 2955 bis,
292 2886 351 2945 811.
375 2935 406 2945 ..
422 2904 512 2958 pateat,
532 2888 592 2948 OV.
616 2902 712 2960 putant,
728 2892 821 2960 udsty.
840 2936 872 2947 ..
889 2895 1021 2960 HILarq:
1038 2896 1064 2949 V
1090 2935 1105 2960 .,
1121 2896 1156 2948 V.
1179 2902 1277 2959 quartu,

156 2962 351 3092 {agatensem
363 2958 455 3029 αᾱβγ.
476 3005 507 3014 -
525 2963 638 3030 liaqalue,
653 2956 781 3015 Ovrau
807 2963 904 3029 liquide,
915 2961 945 3028 β.
964 3005 996 3016 ..
1022 2962 1166 3026 molliuntur,
1180 2962 1277 3028 Appnl.

191 3128 276 3190 §262
294 3129 398 3180 diximus
412 3137 451 3192 19,
465 3138 521 3184 152.
534 3174 566 3184 ..
584 3131 713 3196 satsat.
725 3172 757 3183 -
775 3132 871 3196 emittit,
878 3135 902 3185 d.
915 3173 947 3184 ...
969 3123 1168 3194 OKOAYMON,
1180 3130 1278 3196 Appul.

156 3196 282 3261 scolymos,
294 3194 418 3262 Vadssr.
1293 3212 1297 3220 '

191 3295 277 3356 5²⁶&
297 3297 427 3360 potoribus,
441 3300 479 3348 ad
495 3297 617 3363 (Appul.)
640 3298 779 3362 potioribus,
794 3293 853 3353 BV.
877 3301 1033 3367 potatoribus,
1044 3303 1076 3351 Τ.
1100 3299 1242 3363 praeniissa,
1256 3315 1277 3351 r.

159 3405 190 3413 ..
208 3362 251 3424 sie,
266 3355 295 3413 θ.
313 3405 345 3413 ..
363 3363 447 3426 adab,
458 3364 534 3416 Vad.
551 3364 586 3414 od
597 3381 709 3428 renuent,
720 3368 817 3432 Appul.
836 3409 867 3418 -
886 3369 922 3417 ita
933 3368 1001 3429 enim,
1012 3368 1047 3417 V.
1065 3366 1101 3415 itu
1112 3373 1141 3427 et,
1154 3366 1228 3416 Tud.
1244 3404 1276 3417 .-

161 3428 278 3481 Gluudas
292 3430 400 3494 scripsit,
417 3433 453 3482 ita
468 3448 515 3483 nos
531 3434 684 3497 scripsimus.
711 3449 792 3485 cerem
810 3433 925 3486 Glaucias
940 3432 1080 3497 adserunt,
1096 3431 1182 3483 VTd
1208 3447 1277 3483 owse

161 3496 258 3549 Gaea
268 3497 405 3563 αᾰειτίρείι,
417 3514 441 3549 a.
463 3497 580 3550 Chaereas
595 3499 746 3549 Atheniensis
760 3501 862 3564 scripsit,
880 3509 903 3550 et
917 3500 1041 3562 Glaucias,
1055 3495 1099 3565 βγ
1115 3515 1149 3550 ex
1165 3498 1276 3565 interpo-

156 3565 252 3617 latione
268 3566 339 3616 nulla
360 3568 476 3617 codicum
495 3568 646 3618 auctoritate
661 3569 765 3618 nitente.
792 3565 896 3632 sanat
914 3570 969 3619 sine
987 3569 1042 3618 ulla
1062 3567 1218 3618 dubitatione
1237 3581 1276 3617 re·

157 3635 229 3694 tinui,
246 3635 305 3697 qnia
321 3632 357 3683 ud
370 3644 455 3684 ortum
470 3643 575 3700 apparet
590 3650 623 3685 ex
635 3636 730 3686 ultimis
741 3636 832 3686 litteris
843 3637 954 3687 nominis
966 3636 1145 3700 praecedentis
1169 3635 1238 3698 Quid
1248 3635 1276 3685 in

157 3701 281 3764 scriptura
296 3717 377 3750 cereae
392 3703 482 3763 latest,
499 3718 554 3752 non
568 3704 660 3766 liquet,
678 3718 711 3752 ne
727 3704 783 3766 quis
798 3699 918 3753 Chaereae
933 3704 951 3752 i.
963 3718 985 3752 e.
1002 3701 1038 3751 ad
1051 3699 1179 3753 Chaeream
1194 3702 1276 3767 suspi-

157 3775 234 3829 cetur,
246 3769 365 3831 prohibet
375 3785 435 3819 usus
446 3769 531 3831 Plinii,
544 3771 587 3833 qui
597 3785 724 3834 nusquam
734 3771 771 3820 ita
780 3770 899 3834 loquitur.
916 3770 1057 3834 Vulgatam
1068 3784 1128 3819 vero
1140 3770 1276 3821 lectionem

157 3835 344 3897 interpolationi
360 3836 445 3885 deberi
460 3836 512 3886 iam
528 3837 587 3887 inde
602 3839 721 3901 sequitur,
739 3840 808 3902 quod
823 3838 898 3900 Plin,
916 3839 959 3903 qui
975 3840 1002 3888 in
1017 3837 1143 3888 indicibus
1160 3834 1275 3901 complu-

157 3901 223 3950 rium
238 3902 361 3952 librorum
372 3901 505 3953 chasteau
518 3903 599 3964 uffart,
615 3905 641 3954 in
657 3905 739 3955 indice
754 3905 829 3955 huius
843 3905 909 3967 libri,
925 3907 969 3956 ubi
981 3905 1106 3956 Glaucian
1120 3918 1275 3954 commemo·

157 3975 203 4028 rat,
215 3969 287 4019 illum
299 3984 351 4019 non
361 3968 483 4018 nominat
503 4010 534 4020 ..
557 3970 605 4034 qui,
618 3974 669 4023 Tu.
696 3970 762 4035 quid,
774 3973 828 4023 Va.
848 4014 880 4022 ..
904 3969 1164 4032 Mastirlteecarduts,
1180 3971 1217 4022 ita
1227 3986 1275 4023 uos

157 4036 309 4100 scripsimus.
335 4035 439 4086 Martios
450 4035 555 4098 carduis,
569 4038 666 4103 Appul.
692 4037 815 4090 Mustecbs
826 4038 929 4102 earduus,
941 4040 975 4090 V.
1002 4036 1273 4101 Maseuecardstm

156 4102 249 4153 Mastet
265 4101 322 4151 taes
339 4100 442 4163 carduis,
454 4104 507 4154 Τὼ
529 4102 667 4154 Masurius
682 4105 786 4169 carduis,
802 4107 896 4170 Rigalt.
908 4122 925 4157 a
944 4105 1069 4160 salma.
1082 4120 1165 4157 exerc.
1177 4121 1202 4172 p.
1217 4111 1273 4158 161.

156 4173 181 4220 1).
194 4169 224 4222 0.
250 4168 370 4221 Mercede
381 4167 473 4231 cardui,
485 4171 565 4245 Hand.
576 4185 601 4236 γ.
624 4171 788 4223 Mendaeum
799 4172 910 4234 ωνᾰιιω,
920 4122 949 4236 ἕ.
968 4214 1001 4224 ..
1024 4171 1118 4224 mem
1128 4171 1275 4224 maudut

156 4237 212 4300 aa,
224 4240 248 4289 d.
266 4235 361 4288 οᾰοηνκ
371 4235 545 4302 sommasdorb,
556 4238 610 4290 Va
628 4238 677 4290 uris
687 4238 781 4291 oderem
792 4237 937 4304 mmet,
948 4240 1044 4307 appu.
