2896 4792
461 254 529 300 ura.
546 253 618 299 xvr.
648 253 726 299 cnr.
743 253 789 299 vr.
817 251 916 299 sacr.
932 255 950 297 r.
964 255 983 295 a
1262 239 1279 298 7

163 404 225 470 tice
247 426 344 488 quarn
367 403 418 468 cui
441 404 474 468 in
497 426 646 489 corpore3
677 412 846 487 utmmque
874 425 936 469 non
964 403 1027 467 nisi
1049 403 1138 466 mari.
1177 401 1278 469 Prae·

163 516 251 569 terea
272 504 342 568 aliis
364 514 469 581 ovata,
498 504 568 567 aliis
589 503 738 582 rotunda,
766 503 835 567 aliis
858 505 979 569 acutior
999 504 1116 589 figura,
1145 504 1227 568 sicut
1249 513 1281 568 et

164 604 250 669 colos
272 604 395 690 nigrior
417 604 623 670 candidiorve
645 605 700 688 qui
721 605 909 691 praefertur.
943 605 1134 670 Amau’tudo
1160 605 1192 668 in
1223 627 1280 671 ex·

162 705 385 782 tremitatibus,
408 704 531 771 mediae
554 706 672 772 dulces.
709 703 797 786 Quin
821 716 853 771 et
874 705 1015 791 pediculi
1036 705 1179 771 brevitas
1201 727 1279 791 pro-

161 805 340 890 ceritasque
365 805 577 871 differentiam
600 807 706 873 habet.
738 806 778 871 In
807 806 888 892 ipsis
910 829 987 873 vero
1008 806 1177 874 arboribus
1198 828 1281 890 quse
1294 827 1326 870 ar

160 930 344 971 maxumam
364 907 425 973 fert
447 907 584 973 hemeris
604 918 749 985 vocatur,
770 907 898 973 brevior
920 921 953 974 et
974 909 1006 972 in
1029 909 1139 974 orbem
1154 930 1283 975 comosa

160 1008 291 1091 alasque
314 1030 472 1072 ramorum
496 1007 608 1072 crebro
631 1017 750 1073 cavata.
772 1009 902 1074 Fortius
924 1010 1046 1095 lignum
1063 1031 1200 1093 quercus
1221 1008 1280 1073 lra-

160 1109 216 1174 bet
238 1119 271 1173 et
291 1108 520 1194 incorruptius,
542 1131 669 1174 ramosa
690 1121 722 1174 et
744 1108 824 1194 ipsa,
847 1111 1009 1195 procerior
1024 1121 1130 1175 tamen
1145 1119 1178 1175 et
1192 1131 1280 1174 cras-

161 1210 226 1275 sior
248 1210 391 1286 caudice,
415 1209 629 1301 excelsissima
651 1220 758 1274 autem
780 1209 923 1297 aegilops
945 1210 1074 1275 incultis
1092 1210 1204 1274 amica.
1227 1209 1326 1275 Abas

160 1311 220 1376 hac
241 1320 399 1396 proxuma
420 1309 573 1375 latifoliae
595 1310 781 1395 proceritas,
813 1311 868 1376 sed
892 1312 996 1375 minus
1019 1311 1106 1375 utilis
1127 1311 1281 1376 aedificiis

160 1421 256 1494 atque
278 1409 426 1486 carboni;
456 1411 564 1475 dolata
592 1409 679 1475 vitiis
707 1410 847 1476 obnoxia
869 1423 928 1489 est,
951 1411 1159 1495 quamobrem
1181 1412 1281 1483 solida

160 1522 312 1590 utuntur3
346 1510 443 1576 carbo
474 1511 509 1575 in
542 1511 737 1577 aerariorum
772 1521 895 1577 tanturn
922 1512 1061 1578 officinis
1090 1511 1280 1597 conpendio,
1340 1566 1345 1575 ,

159 1613 310 1697 quoniam
340 1611 507 1676 desinente
535 1611 611 1675 flatu
633 1611 781 1697 protinus
802 1612 960 1678 emoriens
983 1612 1111 1698 saepius
1133 1614 1280 1697 recoqui-

160 1723 222 1791 tur,
256 1725 398 1779 ceterum
430 1713 596 1799 plurumus
631 1712 793 1788 scintillis3
830 1713 917 1777 idem
949 1737 966 1778 e
998 1714 1131 1779 novellis
1158 1714 1278 1780 melior.

158 1813 280 1879 Acervi
309 1814 464 1879 consortis
487 1813 580 1878 taleis
602 1813 786 1879 recentibus
807 1814 875 1878 luto
897 1814 1115 1892 caminantur3
1143 1837 1280 1881 accensa

160 1924 247 1979 strue
280 1915 383 1980 contis
416 1915 572 2000 pungitur
605 1915 778 1980 durescens
810 1916 904 2000 calyx
932 1926 1029 2000 atque
1057 1916 1103 1980 ita
1130 1916 1277 1981 sudorem

160 2015 287 2080 emittit.
323 2014 480 2081 Pessuma
507 2025 538 2081 et
565 2015 696 2081 carboni
732 2028 764 2082 et
790 2017 942 2082 materiae
968 2016 1165 2103 haliphloeos
1192 2016 1279 2082 dicta
1292 2035 1325 2079 24

160 2118 212 2183 oui
245 2117 465 2182 crassissimus
498 2127 608 2182 cortex
635 2128 731 2201 atque
758 2119 883 2183 caudex
907 2129 938 2183 et
966 2119 1153 2204 plerumque
1181 2139 1278 2185 cavos

158 2219 399 2303 fungosusque3
429 2241 487 2282 nec
514 2218 577 2282 alia
604 2219 762 2303 putrescit
790 2241 830 2284 ex
851 2218 912 2284 hoc
933 2242 1063 2307 genere,
1087 2220 1182 2284 etiam
1204 2241 1278 2283 cum

157 2318 248 2384 vivit.
272 2316 361 2399 Quin
382 2333 413 2383 et
436 2318 570 2385 fulmine
591 2319 779 2405 saepissime
799 2320 912 2398 icitur,
941 2321 1088 2405 quamvis
1110 2319 1277 2386 altitudine

158 2442 222 2485 non
245 2420 396 2496 excellat3
419 2419 492 2484 ideo
512 2419 600 2508 ligno
623 2421 692 2486 eius
714 2444 774 2486 nec
796 2422 837 2485 ad
860 2421 1017 2487 sacrificia
1038 2421 1085 2485 uti
1106 2421 1156 2486 fas
1176 2420 1277 2487 habe-

159 2531 219 2585 tur.
256 2519 374 2585 Eidem
400 2543 474 2585 rara
503 2521 596 2607 glans
624 2533 655 2586 et
682 2544 756 2587 cum
785 2522 857 2586 tulit
882 2545 1000 2600 amara,
1029 2545 1124 2606 quam
1151 2533 1277 2607 praeter

159 2643 232 2686 sues
255 2620 378 2687 nullum
400 2621 532 2706 attingit
552 2621 670 2688 animal
692 2644 730 2686 ao
751 2644 792 2688 ne
813 2622 874 2687 hae
895 2622 1036 2706 quidem,
1059 2622 1086 2686 si
1108 2621 1197 2685 aliud
1217 2645 1276 2708 pa-

158 2721 269 2787 bulum
290 2722 440 2789 habeant.
465 2721 540 2788 Hoc
561 2743 688 2808 quoque
710 2723 794 2788 inter
815 2723 938 2808 reliqua
959 2724 1125 2810 neglectae
1146 2723 1276 2808 religio·

157 2823 208 2889 nis
231 2834 290 2901 est,
314 2824 402 2908 quod
423 2835 566 2891 emortuo
581 2823 718 2890 carbone
733 2824 938 2890 sacrificatur.
963 2823 1064 2890 Glans
1077 2823 1172 2910 fagea
1187 2841 1322 2889 suemus

192 3054 260 3115 §th
288 3054 400 3113 saeuius,
412 3058 435 3104 d.
463 3063 552 3115 acutus,
565 3071 588 3105 a.
608 3097 639 3104 -
662 3054 817 3114 duritiama.
838 3098 868 3106 -
893 3055 996 3115 coloss.
1024 3051 1157 3116 colondss.
1182 3094 1212 3104 -
1236 3055 1279 3118 qui

154 3121 302 3185 praefertur,
316 3124 339 3171 d.
358 3123 443 3185 quippe
447 3121 537 3184 fertur,
550 3137 573 3172 a.

192 3216 258 3278 522.
284 3213 513 3277 alisque-crebris,
529 3217 562 3264 K.
586 3256 617 3264 -
645 3223 745 3277 cavata3
761 3225 819 3279 post
834 3217 860 3265 h.
877 3232 901 3264 v.
919 3218 987 3266 Pint.
1004 3218 1163 3279 verbam.
1190 3213 1277 3263 Eidem

158 3280 365 3330 roro-labeant
374 3283 468 3331 inserit.
483 3321 512 3330 -
532 3281 620 3345 liquam
625 3283 705 3346 sapas
715 3281 791 3343 habet,
802 3284 870 3333 Pint.
887 3285 925 3333 At
937 3300 959 3331 v.
970 3284 1088 3334 Schneid.
1101 3287 1133 3333 ad
1145 3283 1277 3346 Theophr.

159 3348 218 3398 hist
230 3350 311 3413 plant.
322 3348 371 3398 ΠΙ.
385 3357 409 3408 8,
422 3357 446 3399 3.
458 3364 483 3413 p.
499 3354 555 3400 176.
580 3390 611 3398 -
638 3350 736 3411 ὸτευὶον,
749 3352 816 3401 Pint.
839 3392 869 3400 -
899 3350 1154 3414 uepilops,Theophr.
1167 3352 1214 3400 ll.
1227 3350 1275 3399 III.

158 3422 184 3476 8,
196 3423 220 3466 4.
239 3432 332 3479 ascopa,
344 3432 360 3466 a
372 3414 479 3480 (Rigalt.
493 3426 519 3466 et
530 3417 632 3467 Thoan.
644 3433 684 3480 ap.
698 3417 804 3468 Salmas.
817 3433 900 3467 exerc.
913 3434 938 3482 p.
951 3425 1008 3468 236.
1021 3420 1045 3468 b.
1057 3416 1105 3479 D.)
1122 3434 1198 3480 scopa,
1210 3421 1234 3468 d.

193 3510 262 3572 §²³-
285 3507 350 3568 baec,
363 3525 386 3558 a.
406 3549 437 3558 ..
461 3509 572 3570 carboni;
584 3507 674 3570 dolata,
687 3512 775 3560 Dalec.
787 3513 811 3560 d.
834 3512 933 3560 carboni
943 3509 1034 3571 dotata,
1047 3512 1099 3561 Ta.
1124 3509 1277 3559 carboneria-

159 3583 219 3636 tcta,
231 3571 261 3636 β.
283 3576 317 3625 V.
329 3576 461 3641 Theophr.
473 3579 491 3627 l.
503 3578 521 3626 l.
534 3577 583 3626 111.
596 3582 619 3637 8,
634 3581 656 3627 7.
678 3579 712 3626 V.
726 3582 749 3638 9,
762 3585 785 3627 4.
806 3579 886 3628 Varia
904 3580 1041 3629 coniiciunt
1052 3580 1157 3629 Barbar.
1174 3588 1199 3627 et
1209 3578 1277 3627 Pint.

161 3683 191 3691 -
209 3643 281 3692 curbo
293 3643 325 3705 in,
337 3645 417 3695 Hard.
435 3643 540 3705 carboni,
552 3639 623 3705 adss.
641 3644 760 3707 carbonis,
771 3646 804 3694 K.
824 3686 854 3694 -
873 3646 1029 3708 aerariorum,
1046 3640 1096 3697 θᾱ.
1120 3644 1277 3703 werrarum,

159 3724 182 3758 a.
200 3709 311 3771 aerariis,
322 3714 354 3761 K.
374 3751 406 3762 ..
416 3710 485 3775 fictu
497 3712 609 3760 emoriens
617 3711 727 3775 protinus
739 3711 879 3775 recoquitur,
892 3713 1000 3764 Salmas.
1015 3755 1045 3763 ..
1064 3722 1170 3771 ceterum,
1183 3726 1222 3759 ar.
1241 3726 1277 3758 ce·

161 3784 216 3839 tero,
229 3772 301 3842 ᾶβγ,
321 3821 350 3827 -
368 3778 494 3842 plurimus,
507 3783 552 3830 ad.
568 3778 687 3843 plurimis,
698 3776 750 3843 βγ.
771 3821 801 3829 -
824 3777 893 3839 idem
905 3782 951 3831 ad.
970 3780 1031 3840 item,
1042 3776 1071 3841 β.
1092 3821 1121 3828 ,,
1145 3776 1242 3837 Auerni,
1254 3794 1277 3828 a.

162 3845 329 3960 zlaunic,
342 3848 403 3896 adr.
430 3846 548 3910 cortfertn,
560 3843 611 3911 βγ.
638 3888 667 3896 -
694 3863 801 3908 secema,
814 3849 859 3896 ad.
886 3863 1036 3910 accensaque,
1048 3842 1099 3910 βγ.
1124 3885 1154 3893 -
1179 3842 1279 3907 culina

159 3927 259 3976 arque.

194 4007 262 4068 §aa
280 4004 509 4070 haliphloeor,Pint.
528 4005 650 4069 alrpblaos,
660 4024 682 4058 a
701 4004 856 4069 haliphloeos,
866 4009 889 4056 d.
907 3999 1085 4068 salphaad.
1103 4005 1136 4054 V.
1146 4005 1277 4070 Theophr.

159 4071 177 4121 l.
190 4072 267 4122 t11L
280 4079 304 4132 8,
318 4078 341 4122 5.
361 4113 390 4122 -
409 4089 490 4132 canus,
503 4090 523 4123 r.
536 4115 568 4122 -
585 4073 728 4137 saepissume,
741 4089 793 4122 om.
806 4090 825 4122 r.
838 4113 869 4123 ...
889 4073 985 4132 iacitur,
997 4071 1041 4121 ad.
1056 4112 1087 4120 ..
1106 4070 1213 4134 babetur,
1226 4089 1277 4123 om.

161 4141 186 4188 d.
206 4181 236 4188 -
259 4155 327 4201 rora,
341 4142 364 4189 d.
387 4155 451 4201 rare,
468 4132 534 4189 θαι.
556 4157 621 4201 νανο,
633 4137 684 4205 fir.
704 4181 735 4189 ..
752 4156 820 4203 prae,
833 4157 856 4188 a.
875 4180 905 4188 ..
925 4137 1030 4202 atduyit,
1042 4155 1064 4188 a.
1083 4139 1193 4206 attinpau
1205 4137 1276 4204 dfir.

160 4247 192 4256 -
211 4207 275 4266 rebe,
287 4210 323 4256 a'.
343 4247 374 4256 ...
393 4205 446 4267 irae,
461 4199 532 4256 Oad.
551 4222 600 4268 eae,
611 4204 639 4270 β.
660 4240 690 4256 ·.
709 4204 778 4269 quod,
791 4208 836 4256 ad.
854 4221 912 4267 eum,
924 4207 958 4257 K.
