2896 4792
331 293 401 339 ute.
417 292 519 338 xvnt.
552 289 630 337 cnr.
647 291 745 336 xxvr.
762 287 875 335 xxvn.
905 285 1003 334 sacr.
1018 288 1050 330 sa.
1065 288 1096 330 et.
1218 267 1279 330 201

156 444 242 510 alitis
264 444 474 529 temporariae
495 464 591 526 quam
613 440 761 506 cuculum
782 448 913 515 vocant3
943 437 1083 502 dedecus
1111 437 1194 500 enim
1220 434 1278 498 ha-

156 546 252 612 betur
272 544 544 632 opprobriumque
565 542 715 607 meritum
736 542 849 606 falcem
871 540 911 604 ab
933 539 988 603 illa
1009 538 1139 603 volucre
1159 536 1193 600 in
1213 536 1279 601 vite

157 646 365 733 deprehendi,
387 656 423 710 ut
444 645 485 712 ob
508 645 541 708 id
564 642 759 730 petulantiae
784 644 867 706 sales
889 640 985 706 etiam
999 663 1072 704 cum
1086 639 1190 725 primo
1205 659 1280 703 vere

155 748 321 824 ludentum
344 746 488 832 auspicio
504 756 610 810 tamen
625 743 831 809 detestabiles
846 742 1006 807 videntur.
1028 741 1121 805 Adeo
1137 738 1280 803 minuma
1293 753 1343 800 ato

157 869 285 934 quoque
306 848 341 915 in
362 870 440 932 agro
461 846 660 912 naturalibus
683 845 863 919 trahuntur,
880 842 1089 930 argumentis.
1126 840 1281 904 Extremo

157 959 265 1015 antem
286 948 347 1014 hoc
368 957 510 1035 tempore
531 947 637 1034 panici
660 946 789 1030 milique
812 945 892 1010 satio
915 954 978 1022 est3
1001 942 1121 1007 iustum
1141 941 1203 1006 hoc
1218 939 1281 1006 seri

158 1060 317 1115 maturato
344 1049 474 1114 hordeo.
508 1049 618 1133 Atque
640 1049 736 1113 etiam
757 1048 790 1111 in
814 1047 925 1112 eodem
947 1068 1025 1111 arvo
1047 1043 1175 1132 signum
1196 1042 1281 1107 illius

157 1152 333 1216 maturitati
359 1151 528 1216 ethorum
550 1150 664 1215 sationi
693 1171 859 1226 oonmune,
885 1148 1029 1213 lucentes
1058 1167 1194 1231 vespere
1223 1164 1283 1230 per

159 1273 236 1315 arva
250 1250 441 1327 cicindelae3
463 1251 510 1315 ita
524 1251 688 1336 appellant
702 1249 814 1316 rustici
831 1249 985 1315 stellantis
1006 1248 1139 1325 volatus,
1163 1243 1282 1312 Graeci

160 1375 236 1418 vero
257 1352 466 1437 lampyridas,
489 1352 669 1417 incredibili
689 1350 888 1438 benignitate
910 1361 1055 1415 naturae.

201 1452 354 1520 XXVII.
372 1455 423 1518 67.
438 1453 510 1518 Iam
525 1453 675 1540 vergilias
689 1453 723 1516 in
739 1454 826 1518 caelo
841 1451 992 1518 notabilis
1007 1461 1136 1515 caterva
1146 1448 1281 1522 fecerat3
1295 1461 1343 1509 att

159 1575 223 1618 non
245 1565 350 1619 tamen
371 1555 421 1620 his
444 1565 593 1621 contenta
614 1554 774 1620 terrestris
788 1554 864 1618 fecit
878 1553 956 1617 alias
970 1552 1070 1618 veluti
1085 1548 1282 1615 vociferans:

160 1677 220 1719 cur
250 1655 375 1721 caelum
406 1657 541 1722 intueris
570 1657 732 1745 agricola?
765 1679 823 1720 cur
853 1654 958 1720 sidera
985 1652 1113 1738 quaeris
1140 1649 1309 1716 rusticel·

160 1757 223 1821 iam
253 1769 285 1822 te
311 1758 456 1824 breviore
487 1781 597 1824 somno
624 1758 744 1823 fessum
770 1767 921 1843 premunt
948 1766 1069 1821 noctes.
1106 1752 1195 1818 Ecce
1224 1750 1284 1817 tibi

160 1857 242 1923 inter
262 1858 378 1923 herbas
401 1870 472 1924 tuas
495 1882 612 1948 spargo
633 1859 805 1945 peculiaris
828 1859 933 1924 stellas
955 1879 1073 1941 easque
1095 1876 1231 1941 vespera
1252 1862 1285 1919 et

160 1957 201 2021 ab
224 1981 321 2045 opere
344 1958 540 2045 disiungenti
563 1961 696 2026 ostendo
718 1982 766 2038 ao,
790 1982 831 2025 ne
853 1959 959 2045 possis
974 1958 1161 2045 praeterire,
1184 1956 1283 2020 mira·

161 2058 233 2123 culo
257 2060 400 2126 sollicito.
424 2060 568 2127 Videsne
590 2072 627 2126 ut
641 2062 749 2148 fulgor
764 2062 831 2150 igni
848 2061 957 2126 similis
972 2063 1095 2126 alarum
1109 2078 1285 2145 conpressu
1296 2069 1347 2117 2⁵2

161 2171 290 2245 tegatur
311 2185 484 2247 secumque
505 2165 610 2229 lucem
630 2163 746 2229 habeat
769 2173 800 2228 et
822 2164 936 2229 nocte?
968 2163 1054 2228 Dedi
1082 2161 1140 2228 tibi
1167 2161 1285 2226 herbas

160 2259 310 2326 horarum
338 2262 460 2328 indices
488 2276 535 2343 et,
568 2276 605 2330 ut
632 2287 673 2329 ne
696 2265 760 2330 sole
783 2265 912 2347 quidem
933 2264 1044 2329 oculos
1065 2274 1137 2329 tuos
1159 2287 1178 2327 a
1200 2272 1285 2328 terra

160 2384 290 2441 avoces,
323 2363 550 2450 heliotropium
585 2389 622 2431 ao
654 2366 802 2450 lupinum
831 2367 1091 2452 circumaguntur
1118 2388 1191 2430 cum
1219 2364 1283 2430 illo.

162 2460 232 2528 Cur
265 2464 438 2530 etiamnum
472 2468 567 2532 altius
601 2478 728 2552 spectas
761 2467 931 2552 ipsumque
964 2468 1087 2531 caelum
1120 2467 1284 2532 scrutare?

160 2654 250 2703 Dalec.
270 2694 300 2702 ..
320 2653 479 2721 temporariae
490 2672 569 2719 quam,
582 2657 654 2706 Tad.
675 2656 813 2720 temporarii
823 2673 897 2720 quem,
908 2658 1014 2706 Barbar.
1026 2652 1055 2717 β.
1076 2696 1106 2704 -
1125 2654 1284 2719 obprobrium·

160 2736 213 2784 que,
226 2738 248 2770 a.
268 2762 298 2770 -
319 2723 383 2770 utob
395 2720 429 2780 id,
442 2724 466 2772 d.
484 2725 546 2772 etob
558 2722 591 2784 id,
604 2725 655 2773 Ta.
675 2765 706 2773 ..
724 2723 795 2785 sales,
808 2740 830 2773 a.
844 2717 951 2792 Μαίας,
964 2727 988 2774 d.
1006 2722 1064 2784 olea,
1077 2724 1108 2773 Τ.
1129 2764 1160 2772 ..
1183 2719 1284 2771 leudam

162 2796 208 2849 tur,
221 2790 295 2839 Tad.
315 2831 345 2839 ..
364 2789 628 2854 auspicio-videnter,
641 2807 691 2841 om.
703 2793 770 2843 Pint.

195 2875 280 2937 5250.
307 2890 405 2937 qaoque,
418 2891 440 2924 a.
459 2891 573 2939 quaeque,
586 2872 658 2940 dssr.
672 2918 703 2926 -
721 2876 806 2928 deatum
818 2875 869 2936 hoc,
881 2877 948 2926 Tar.
966 2876 1051 2926 iustum
1064 2883 1100 2925 est
1110 2874 1160 2936 hoc,
1170 2869 1241 2936 (ἱβγ.
1252 2913 1283 2923 ..

162 2938 256 2989 hordeo.
277 2939 356 3005 Atque
373 2942 546 2992 etiam-arvo
562 2943 662 3008 signum,
674 2946 720 2995 ad.
743 2942 842 2995 hordeo:
858 2952 929 3007 atque
945 2946 1119 2993 etiam-arvo
1135 2951 1170 2991 eat
1184 2940 1284 3006 mgnum,

161 3021 186 3072 γ.
205 3006 298 3069 hordeo,
311 3017 381 3072 atque
395 3011 574 3061 ettam-urvo.
592 3010 684 3074 Estque
694 3011 795 3076 aipnam,
806 3007 835 3074 ,d
860 3052 890 3060 -
913 3011 1135 3073 motarimti,Tdr.
1159 3010 1284 3060 mamam-

162 3081 214 3137 tmt,
226 3092 248 3125 a
267 3076 420 3138 maturitatis,
432 3073 461 3140 β.
480 3120 510 3129 ..
529 3078 624 3140 sationi,
637 3080 726 3130 Tadr.
744 3079 852 3141 antiocia,
863 3074 892 3139 β.
912 3121 943 3129 ..
961 3078 1159 3143 appellatorias„

195 3158 210 3219 ἓ
224 3166 281 3210 251.
308 3159 352 3222 tm,
366 3176 416 3210 om.
429 3164 452 3211 d.
472 3202 502 3210 -
522 3161 619 3212 intueris
631 3172 657 3213 et
668 3162 771 3226 quaeris,
783 3181 803 3214 r.
827 3162 940 3212 intuearis
953 3173 977 3212 et
989 3179 1100 3225 quaeras,
1112 3157 1212 3225 αᾶβγς
1225 3177 1284 3213 con·

162 3228 278 3278 iunctivis
291 3243 391 3291 prorsus
403 3230 489 3279 nullus
501 3231 581 3279 locus.
600 3230 651 3291 Qui
662 3245 721 3281 vero
734 3238 817 3281 totum
827 3232 896 3280 hunc
904 3232 990 3280 locum
1000 3233 1150 3292 considerat,
1163 3246 1215 3280 non
1226 3239 1284 3294 pot·

162 3296 209 3345 erit
225 3310 279 3344 non
291 3297 434 3346 orationem
450 3312 598 3359 agnoscere,
617 3312 682 3360 quae
698 3306 751 3347 tam
767 3315 783 3348 a
799 3299 898 3361 vulgari
911 3300 1024 3348 omnium
1037 3301 1188 3363 scriptorum
1200 3299 1284 3349 soluto

162 3377 278 3412 sermone
290 3364 423 3425 utentium,
436 3379 513 3426 qnam
526 3381 541 3414 a
553 3365 671 3414 Pliniana
683 3366 843 3428 aliquantum
853 3368 962 3415 recedat.
980 3368 1014 3416 Et
1027 3370 1096 3429 quod
1108 3367 1169 3416 alibi
1181 3380 1284 3430 qnoque

161 3430 274 3480 Plinium
286 3430 377 3480 iecisse
388 3433 490 3492 scimus,
503 3440 532 3481 ut
543 3441 676 3495 poetarum
687 3434 764 3482 verba
775 3433 909 3496 paululum
922 3435 1026 3483 traiecta
1036 3435 1077 3484 vel
1087 3435 1219 3483 immutata
1228 3449 1284 3483 ora·

162 3497 225 3546 tioni
237 3513 298 3547 suae
310 3499 431 3548 insereret
446 3496 537 3563 (praef.
553 3507 574 3549 1.
588 3506 628 3560 15,
642 3503 690 3559 76,
702 3500 745 3550 ubi
757 3516 781 3549 v.
793 3503 916 3561 adnotat,
931 3507 970 3561 18,
983 3499 1063 3562 200.),
1075 3503 1102 3550 id
1114 3503 1164 3550 hoc
1182 3515 1285 3565 quoqne

161 3564 218 3614 loeo
237 3566 269 3614 ab
287 3580 317 3614 eo
335 3564 430 3615 factum
443 3582 497 3617 esse
509 3568 637 3617 existimo.
662 3568 747 3616 Paene
759 3568 828 3616 ultro
840 3569 926 3630 prodit
936 3569 986 3617 hoc
998 3570 1125 3619 distichon
1136 3569 1225 3618 incerti
1237 3569 1284 3617 ali·

162 3632 233 3681 onius
245 3640 343 3695 poetae,
356 3634 399 3696 qui
411 3635 437 3683 in
449 3637 559 3684 carmine
571 3635 658 3698 aliquo
669 3635 772 3696 rustico,
785 3635 871 3698 qualia
882 3637 949 3685 Plin.
961 3638 1093 3687 condendo
1103 3651 1149 3686 suo
1160 3637 1229 3700 operi
1239 3637 1283 3686 ad-

161 3699 244 3769 hipuit
256 3697 310 3761 (19,
326 3698 403 3763 185.),
416 3703 463 3751 has
475 3703 611 3752 cicindelae
623 3711 878 3752 commemoraverat:

318 3764 366 3815 Car
377 3767 474 3830 caelum,
487 3768 602 3834 agricole,
615 3765 731 3819 irmirici
741 3785 783 3818 car
794 3769 876 3819 sidero
887 3772 989 3834 quaem,

348 3834 525 3887 RmticetIom
537 3853 616 3886 somno
629 3845 650 3885 te
661 3836 766 3886 breviore
774 3846 884 3901 premant

314 3901 450 3965 Desertam
462 3913 546 3954 noctes.
565 3947 597 3955 -

163 3968 234 4030 brevi,
247 3970 278 4018 T.
298 4010 329 4018 ..
347 3970 489 4032 speculares,
501 3989 520 4022 r.
541 4015 571 4022 ..
590 3989 696 4036 vmpera,
709 3975 755 4022 ad.
774 3988 875 4037 vespere,
887 3969 915 4034 β
929 4014 959 4022 ..
980 3972 1123 4036 disiungant,
1135 3973 1167 4022 D.
1181 4013 1211 4022 ..
1228 3989 1283 4037 pos·

161 4034 203 4096 aia,
216 4039 261 4086 ad.
276 4036 361 4100 possit,
374 4054 392 4087 r.
413 4040 470 4090 Om.
483 4040 514 4089 Τ.
534 4082 564 4089 ..
583 4038 699 4102 miraculi,
712 4058 731 4091 r.
756 4081 778 4088 -
799 4040 907 4102 sollicito,
920 4044 942 4091 d.
961 4038 1101 4102 sollicitudo,
1114 4057 1152 4090 ar.

195 4123 280 4182 §252
307 4137 436 4184 compresse,
449 4140 471 4172 a.
491 4165 520 4172 -
540 4124 684 4188 aabteqotur,
696 4128 758 4176 adr.
779 4167 808 4174 ..
828 4124 911 4184 Dedit,
924 4142 946 4174 a.
967 4167 997 4174 -
1016 4123 1071 4186 sote,
1084 4126 1100 4175 d
1112 4124 1198 4188 (codd.
1212 4123 1283 4189 Gal.)

161 4195 217 4247 sote,
230 4205 252 4237 a.
271 4187 313 4248 cic,
326 4205 345 4238 r.
358 4229 389 4238 ..
409 4206 483 4251 vocer,
495 4192 539 4241 ad.
555 4231 584 4239 ..
604 4191 737 4253 etiamnum,
751 4195 774 4241 d.
794 4193 920 4254 etiannum,
933 4208 955 4241 a.
974 4192 1112 4254 cacinnum,
1124 4189 1174 4257 βγ.
1188 4236 1218 4244 -
1239 4210 1282 4258 pa-

162 4261 219 4316 ctus,
229 4256 256 4304 d.
277 4297 307 4304 ..
326 4264 440 4319 emutare,
452 4259 496 4308 ad.
514 4257 636 4319 scrutari,
648 4253 700 4321 βγ.
