2896 4792
366 303 435 351 nm.
452 302 511 349 xx.
541 299 619 347 can.
636 299 698 345 xn.
716 297 792 344 xm.
822 295 920 344 snos.
936 297 1019 340 a-so.
1188 279 1248 343 321

128 483 196 526 rem
219 454 376 534 stimulat3
399 454 472 520 ideo
495 451 591 519 etiam
606 451 697 536 equis
718 449 878 532 asinisque
893 447 1091 513 admissurae
1107 459 1250 535 tempore

128 560 296 649 ingeritur.

171 659 271 726 ΧΙΠ.
301 656 449 724 Silvestri
470 657 574 742 ocimo
599 656 648 720 vis
671 654 830 719 efficacior
856 652 897 718 ad
920 651 1031 716 eadem
1053 652 1170 731 omnia,
1192 676 1250 740 pe·
1267 668 1314 714 124

130 762 259 829 culiaris
274 760 316 825 ad
330 759 410 824 vitia
418 780 501 842 quae
514 755 743 822 vomitionibus
760 754 881 820 crebris
901 753 1134 819 contrahimur
1148 755 1251 820 vomi·

130 865 240 948 cisque
266 862 389 940 volvae,
417 869 527 926 contra
553 857 731 923 bestiarum
759 878 887 921 morsus
914 855 1029 920 evino
1051 855 1160 921 radice
1182 851 1252 921 effi-

130 964 308 1032 cacissima.

172 1067 226 1131 49.
241 1064 369 1130 Erucac
384 1084 493 1129 semen
505 1061 711 1148 scorpionum
717 1059 849 1125 venenis
861 1068 893 1123 et
907 1058 1006 1122 muris
1017 1060 1127 1133 aranei
1142 1059 1252 1126 mede-
1269 1075 1316 1121 ms

131 1180 195 1247 tur,
224 1165 376 1232 bestiolas
399 1164 502 1229 omnis
523 1160 721 1227 innascentis
743 1159 872 1244 corpori
893 1169 992 1237 arcet,
1014 1158 1094 1225 vitia
1115 1160 1198 1226 cutis
1219 1161 1253 1226 in

132 1269 216 1335 facie
239 1290 313 1333 cum
334 1265 428 1331 melle
450 1263 592 1342 inlitum,
619 1262 792 1349 lentigines
815 1284 854 1326 ex
877 1272 968 1327 aceto
975 1307 985 1339 ,
1015 1261 1180 1328 cicatrices
1202 1264 1253 1328 ni·

131 1392 209 1457 gras
238 1368 365 1434 reducit
378 1367 421 1432 ad
443 1365 614 1431 candorem
636 1386 710 1429 cum
731 1363 805 1428 felle
826 1361 957 1427 bubulo.
988 1361 1092 1428 Aiunt
1118 1363 1255 1431 verbera

133 1470 287 1536 subituris
308 1479 419 1557 potum
442 1489 483 1534 ex
504 1466 579 1531 vino
594 1465 744 1530 duritiam
759 1464 920 1548 quandam
935 1473 1045 1530 contra
1060 1486 1189 1531 sensum
1202 1467 1253 1531 in-

133 1573 243 1638 duere.
264 1570 304 1635 In
319 1569 507 1636 condiendis
529 1567 671 1655 opsoniis
693 1575 781 1631 tanta
796 1576 845 1632 est
860 1566 1000 1632 suavitas
1015 1576 1052 1631 ut
1066 1563 1185 1633 Graeci
1196 1590 1254 1632 eu·
1270 1558 1318 1630 tas

133 1694 250 1738 zomon
264 1671 508 1757 appellaverint.
530 1669 652 1735 Putant
664 1667 801 1734 subtrita
818 1690 915 1733 eruca
932 1667 960 1732 si
974 1667 1144 1735 foveantur
1160 1669 1255 1748 oculi,

133 1773 309 1838 claritatem
320 1771 459 1852 restitui,
471 1772 584 1838 tussim
594 1770 766 1836 infantium
781 1769 895 1835 sedari.
911 1768 1018 1834 Radix
1034 1770 1104 1835 eius
1121 1769 1156 1835 in
1173 1792 1257 1856 aqua

133 1873 267 1939 decocta
288 1873 392 1939 fracta
412 1895 486 1938 ossa
508 1872 667 1950 extrahit3
690 1894 765 1936 nam
780 1871 820 1938 dc
835 1893 949 1937 venero
964 1870 1158 1937 stimulanda
1171 1871 1256 1937 dixi·

133 1999 222 2053 mus,
252 1973 313 2039 tria
340 1974 417 2041 folia
443 1973 600 2040 silvestris
622 1995 735 2039 erucae
765 1972 897 2038 sinistra
925 1995 1022 2038 manu
1049 1973 1201 2060 decerpta
1224 1984 1256 2039 et

133 2076 209 2142 trita
229 2075 264 2140 in
285 2099 370 2162 aqua
390 2076 494 2143 mulsa
516 2077 542 2142 si
563 2073 725 2141 bibantur.

178 2177 230 2243 50.
252 2176 284 2241 Ε
306 2178 463 2244 contrario
485 2178 679 2243 nasturtium
700 2197 851 2243 venerem
865 2176 1004 2256 inhibet,
1025 2177 1164 2244 animum
1180 2199 1257 2244 exa·
1271 2191 1318 2236 ¹27

134 2278 216 2355 cuit,
239 2290 276 2343 ut
297 2279 447 2344 diximus.
473 2278 551 2343 Duo
573 2279 643 2344 eius
665 2300 795 2366 genera.
824 2276 943 2343 Alvom
965 2290 1102 2366 purgat,
1118 2279 1259 2346 detrahit

135 2377 234 2442 bilem
255 2387 366 2462 potum
387 2400 412 2441 x
432 2378 576 2464 pondere
596 2379 631 2442 in
652 2399 754 2462 aquae
776 2402 844 2454 vn3
874 2378 1004 2444 strumis
1026 2401 1099 2445 cum
1118 2381 1258 2447 lomento

135 2478 261 2543 inlitum
283 2487 494 2565 opertumque
514 2478 659 2545 brassica
679 2479 843 2563 praeclare
864 2479 1021 2544 medetur.
1044 2480 1194 2546 Alterum
1209 2493 1258 2547 est

135 2579 262 2668 nigrius
281 2579 367 2664 quod
387 2579 501 2667 capitis
519 2579 597 2646 vitia
612 2590 742 2668 purgat,
758 2579 863 2645 visum
883 2591 1073 2667 conpungat,
1094 2592 1258 2648 conmotas
1310 2637 1312 2641 ,

135 2682 252 2748 mentis
268 2681 360 2747 sedat
374 2705 414 2747 cx
429 2691 520 2748 aceto
535 2691 709 2768 sumptum,
720 2681 837 2746 lienem
853 2704 893 2746 ex
908 2682 983 2747 vino
997 2693 1108 2768 potum
1120 2685 1169 2749 vel
1184 2707 1258 2751 cum

136 2783 198 2850 fico
214 2794 387 2871 sumptum,
398 2783 512 2850 tussim
529 2806 570 2849 ox
579 2783 684 2862 melle,
699 2782 727 2848 si
738 2783 854 2849 cotidie
867 2783 967 2850 ieiuni
982 2796 1118 2850 sumant.
1140 2782 1259 2852 Semen
1273 2800 1320 2844 tas

138 2908 179 2950 ex
206 2884 281 2951 vino
300 2885 407 2951 omnia
426 2885 650 2951 intestinorum
671 2883 820 2950 animalia
836 2883 942 2972 pellit,
964 2885 1127 2952 efficacius
1147 2886 1259 2952 addito

136 3075 181 3123 que
193 3061 317 3110 bestiarum
329 3075 420 3108 morsos
432 3057 505 3108 radix
514 3067 549 3108 est
559 3057 584 3107 in
596 3057 650 3108 vino
661 3057 836 3124 efficacissimo,
848 3054 877 3120 β.
895 3059 962 3110 Cum
974 3060 1097 3124 scriptura
1108 3077 1124 3110 a
1135 3062 1208 3111 nobis
1221 3076 1259 3112 re·

136 3135 211 3192 cepta
222 3129 348 3178 consentit
358 3142 383 3192 γ,
395 3128 444 3177 nisi
455 3128 524 3191 qnod
535 3134 664 3190 contraque
675 3128 761 3178 habet.

142 3261 148 3272 ·
163 3197 186 3309 j
201 3200 387 3321 lessseorpore,
402 3186 431 3242 θ.
451 3235 482 3242 ..
500 3193 619 3243 subituros
628 3202 692 3257 poto,
703 3195 736 3245 K.
756 3235 787 3243 ..
806 3202 928 3258 quantam,
940 3195 973 3244 K.
987 3236 1017 3244 ..
1036 3194 1140 3258 induere,
1157 3190 1258 3248 duan.

56 3274 58 3278 ·
137 3278 162 3310 tn
179 3276 253 3322 acere,
290 3275 315 3324 γ.

172 3331 258 3391 ξ126.
284 3342 417 3386 enxemena,
429 3342 452 3375 a.
472 3367 503 3375 ..
522 3324 709 3390 appelbverunt
723 3331 746 3379 d.
767 3370 798 3378 ..
821 3327 998 3391 εἱαήιαῑί,Τὰ.
1018 3372 1049 3380 ..
1071 3329 1164 3393 sedare,
1179 3324 1207 3382 θ.
1226 3374 1258 3383 -

139 3393 241 3444 dicimus
255 3401 295 3455 19,
306 3401 362 3446 154.
381 3393 498 3446 Ceterum
509 3395 627 3457 posthoc
635 3397 738 3444 verbum
748 3397 874 3446 nonnulla
883 3398 1007 3448 excidisse
1017 3399 1159 3449 observavit
1171 3401 1259 3455 Hard..

140 3464 183 3527 qni
195 3478 209 3512 e
221 3463 338 3528 Geopon.
351 3462 413 3513 ΧΠ
426 3466 467 3523 26,
479 3468 502 3512 3.
521 3457 618 3526 ἀγρίου
630 3456 685 3526 γὰρ
697 3458 820 3524 εὐζώμου
833 3459 923 3527 φύλλα
935 3460 981 3512 τὸν
994 3461 1112 3530 ἀριθμὸν
1123 3457 1191 3535 γ’τῇ
1201 3464 1257 3533 ἀρι-

138 3528 223 3596 ccepti
228 3527 302 3597 χειρὶ
312 3526 453 3598 ληφθέντα
466 3519 669 3594 ἴκτερονῖᾶται,
680 3536 705 3578 et
717 3530 823 3579 cPlinio
832 3531 920 3580 Valor.
931 3537 954 3592 2,
966 3536 1014 3593 59„
1026 3535 1070 3582 ubi
1078 3537 1172 3598 pariter
1181 3538 1212 3586 ds
1220 3550 1258 3585 rc-

139 3599 181 3662 gio
194 3601 284 3649 morbo
297 3601 381 3663 agitur
390 3594 485 3658 (erucae
496 3595 609 3645 silvestris
622 3595 741 3660 triafolia
751 3596 850 3646 cinbtra
858 3613 932 3647 mana
944 3596 1055 3664 decerpta
1067 3617 1096 3649 ex
1107 3619 1173 3665 aqua
1184 3600 1260 3651 malco

140 3665 269 3730 bibantur),
286 3675 353 3717 recte
370 3666 469 3730 colligit
485 3665 610 3715 hocloco
627 3679 681 3714 non
698 3666 807 3729 amplius
823 3667 855 3715 de
871 3681 962 3716 venere
979 3668 1144 3730 cumulanda,
1166 3672 1210 3720 sed
1228 3671 1260 3719 dc

139 3735 229 3783 morbo
241 3735 312 3796 regio
324 3735 374 3796 agi.
1347 3784 1353 3793 ,

174 3799 260 3859 §m
287 3799 389 3849 diximus
408 3805 446 3861 19,
467 3807 523 3851 155.
549 3801 591 3852 De
608 3816 635 3851 re
651 3801 912 3862 v.Diosoor.2‚184.
937 3844 968 3853 -
996 3802 1210 3866 Album,Barbar.
1226 3806 1259 3856 K.

140 3868 221 3918 Nobis
238 3869 322 3931 potius
334 3866 442 3916 Alteram
459 3867 538 3917 alvum
548 3877 639 3934 parcat
650 3870 809 3920 scribendum
821 3871 920 3931 videtur
931 3871 1029 3922 collatis
1045 3887 1110 3935 quac
1122 3880 1262 3936 sequuntur

140 3934 229 3985 verbis.
247 3975 278 3984 -
302 3935 335 3985 Χ
342 3933 446 3998 pondere
457 3935 482 3984 in
493 3952 573 4000 aquae
591 3928 694 3998 1111,st
718 3937 751 3988 X
756 3937 861 4001 pondere
874 3936 898 3986 io
909 3955 975 4002 aqua
993 3936 1051 3999 VII,
1063 3941 1094 3990 Τ.
1119 3939 1151 3991 X
1156 3936 1261 4004 pondere

141 4002 166 4050 in
178 4018 250 4064 aqua,
266 3997 318 4066 βγ.
345 4004 386 4052 De
403 4004 477 4052 codd.
490 4006 529 4053 ad
544 4019 647 4069 prorsus
662 4007 758 4056 incerta
773 4007 849 4056 tradit
860 4006 915 4056 Ian.
935 4047 966 4056 ..
984 4005 1080 4055 souma
1091 4023 1142 4056 com
1156 4005 1261 4070 lomento,

141 4070 194 4120 Td.
217 4069 313 4118 strumis
328 4086 379 4119 cum
397 4068 495 4119 lomento
511 4071 614 4134 ammte,
631 4088 654 4122 a.
681 4089 732 4122 cum
749 4072 847 4123 lomento
862 4072 965 4135 simmaa,
981 4068 1032 4138 βγ.
1056 4115 1087 4124 ..
1114 4083 1261 4140 comporqat,

141 4139 214 4188 Tad.
233 4153 331 4200 quoque,
344 4138 389 4188 Kl.
408 4135 535 4200 clarificat,
546 4139 597 4188 K².
617 4180 647 4188 ..
658 4139 710 4201 fico
721 4149 845 4206 sumptum,
860 4132 960 4190 duat.
971 4141 1033 4203 fico,
1044 4139 1095 4207 βγ.

175 4208 189 4270 ξ
204 4211 259 4256 128.
278 4204 371 4266 Semen,
383 4207 427 4255 ad.
446 4203 547 4267 Sentice,
558 4206 590 4256 Τ.

139 4273 216 4324 Pana.
234 4271 284 4322 111.
455 4272 457 4286 ¹
1016 4275 1053 4336 21
