2896 4792
203 263 245 327 30
549 280 752 329 utrumuis
775 280 968 329 nrsronms

243 429 396 497 XXVII.
412 433 463 497 10.
479 430 518 495 In
535 429 603 497 Cea
615 432 721 498 insula
731 431 873 519 caprifici
885 433 1012 499 triferae
1025 443 1115 511 sunt;
1133 435 1236 521 primo
1248 434 1314 502 fetu
1330 455 1378 500 ιιι

201 553 339 618 sequens
360 544 521 612 evocatur,
544 535 689 620 sequenti
711 535 839 614 tertius;
865 534 927 601 hoc
946 535 999 602 fici
1021 534 1244 623 caprilioantur
1251 563 1261 616 3
1284 547 1316 604 et

201 633 342 723 caprifici
357 645 463 701 autem
478 635 519 701 ab
533 635 677 702 adversis
690 636 774 703 foliis
787 647 971 703 nascuntur.
992 636 1120 704 Biferae
1133 650 1166 704 et
1175 639 1209 704 in
1223 639 1315 706 malis

200 759 240 802 ac
252 738 333 824 piris
352 737 518 823 quaedam,
541 737 624 804 sicut
644 748 685 804 et·
696 760 875 824 praecoces.
896 738 1006 806 Malus
1028 738 1183 806 silvestris
1197 741 1314 819 bifera3

202 861 340 924 sequens
361 840 430 905 eius
451 841 576 905 finctus
596 848 671 926 poet
683 851 848 905 arcturum
861 841 895 906 in
909 841 1025 928 apricis
1040 864 1198 909 maxume.
1221 843 1314 910 Vites
1330 861 1377 907 ua

200 942 331 1026 quidem
353 953 385 1007 et
405 942 535 1007 triferae
557 954 632 1006 sunt
652 962 733 1026 quas
754 940 795 1008 ob
816 941 851 1006 id
870 942 1000 1008 insanas
1018 955 1143 1022 vocant,
1165 944 1314 1029 quoniam

199 1046 233 1109 in
246 1044 286 1109 iis
301 1044 363 1108 alia
376 1054 605 1122 maturescunt,
627 1043 692 1108 alia
706 1054 904 1132 turgescunt,
926 1044 989 1109 alia
1000 1044 1125 1110 florent.
1147 1044 1195 1110 M.
1210 1046 1314 1113 Varro

198 1158 310 1213 auctor
331 1155 381 1211 est
399 1145 495 1209 vitem
517 1144 619 1210 fuisse
641 1143 800 1229 Zmyrnae
820 1146 908 1231 apud
928 1169 1015 1212 mare
1036 1147 1169 1213 biferam
1191 1160 1224 1215 et
1244 1172 1314 1213 ma-

198 1251 264 1315 lum
285 1248 320 1313 in
341 1269 420 1335 agro
443 1242 655 1325 Consentium
677 1246 738 1313 hoc
760 1257 867 1313 autem
888 1249 995 1314 evenit
1015 1260 1171 1337 perpetuo
1190 1251 1225 1315 in
1238 1249 1313 1315 Ta·

200 1350 329 1437 capeusi
344 1349 477 1414 Africae
491 1370 579 1434 agre,
601 1348 641 1414 de
654 1369 718 1433 quo
738 1348 831 1434 plura
845 1349 923 1415 alias
931 1375 940 1428 3
963 1374 1001 1417 ea
1015 1362 1065 1417 est
1080 1351 1138 1417 soli
1153 1351 1313 1419 fertilitas.

199 1453 326 1519 Trifera
336 1461 386 1517 est
400 1461 431 1516 et
446 1472 633 1536 cupressus3
649 1473 786 1536 namque
799 1452 898 1518 bacae
913 1452 981 1519 eius
996 1443 1191 1542 colliguntur
1204 1476 1314 1520 mense

198 1553 348 1620 Ianuario
369 1563 401 1618 et
422 1550 512 1617 Maio
533 1562 565 1617 et
588 1549 782 1638 Septembri,
813 1564 981 1638 ternasque
1010 1575 1118 1619 earum
1140 1554 1224 1642 gerit
1244 1578 1313 1620 ma·

199 1655 393 1743 gnitudines.
415 1653 478 1719 Est
492 1677 567 1720 vero
588 1665 621 1719 et
641 1654 675 1719 iu
696 1655 779 1741 ipsis
800 1653 969 1720 arboribus
992 1656 1088 1722 etiam
1109 1657 1233 1724 onustis
1253 1680 1313 1745 pe-
1328 1674 1375 1720 11⁶

199 1757 328 1823 culiaris
356 1756 553 1830 differentia3
582 1776 706 1820 summa
732 1756 782 1820 sui
809 1766 902 1841 parte
930 1757 1065 1823 fertilior
1093 1770 1142 1824 est
1167 1759 1312 1839 arbutus,

199 1881 346 1946 quercus,
368 1858 517 1923 inferiore
537 1856 717 1945 iuglandes,
738 1857 792 1923 fici
813 1857 978 1924 mariscae.
1001 1856 1136 1939 Omnes,
1158 1882 1222 1946 quo
1243 1854 1311 1926 mass
1333 1884 1336 1893 ’

199 1962 250 2047 gis
273 1970 452 2053 senescunt,
478 1959 540 2024 hoc
566 1960 722 2025 maturius
748 1961 864 2039 ferunt,
894 1971 926 2026 et
951 1961 985 2026 in
1011 1963 1130 2048 apricis
1154 1962 1232 2029 locis
1252 1985 1313 2029 nec

199 2063 312 2155 pingui
339 2073 434 2128 terra.
471 2059 675 2127 Silvestriora
701 2061 808 2127 omnia
832 2062 985 2139 tardiora;
1012 2064 1168 2148 quaedam
1196 2086 1236 2129 ex
1262 2062 1313 2128 his

199 2167 327 2235 omnino
354 2186 413 2230 nec
440 2173 668 2229 maturescunt.
703 2162 786 2228 Item
812 2185 894 2248 quae
925 2152 1117 2231 suba'rantur
1146 2175 1202 2230 aut
1229 2186 1313 2250 quae

200 2271 433 2354 ablaqueantur
454 2265 606 2331 celeriora
627 2264 794 2353 neglectim
817 2265 897 2332 haec
918 2278 952 2332 et
973 2267 1135 2332 fertiliora.

243 2374 294 2439 51.
317 2369 387 2435 -Est
408 2368 579 2436 etiamnum
606 2366 719 2432 aetatis
740 2367 928 2434 differentia.
963 2368 1149 2458 Amygdala
1170 2369 1253 2434 enim
1280 2380 1313 2435 et
1328 2385 1375 2431 117

234 2579 250 2641 5
268 2586 324 2631 114.
353 2574 406 2639 cn,
417 2579 462 2628 ad.
488 2592 565 2639 maen,
582 2577 629 2627 11¹.
654 2573 718 2638 colo,
734 2577 781 2627 D2.
802 2576 943 2642 vulgatam
957 2590 1021 2628 vero·
1034 2584 1119 2630 tuctur
1128 2579 1277 2631 Athenaeus
1289 2586 1312 2630 ³.

200 2665 226 2715 p.
240 2652 280 2701 77.
291 2649 322 2700 Ε.
340 2687 372 2697 -
390 2647 468 2710 setae,
480 2661 503 2696 a.
521 2685 553 2695 ..
563 2644 681 2709 fractum,
693 2661 716 2695 a.
1012 2692 1015 2697 ,

234 2719 249 2782 §
263 2722 319 2767 115.
342 2713 448 2774 insanas,
461 2715 485 2763 d.
511 2711 593 2778 infra.
603 2728 684 2772 eoam,
696 2728 711 2761 a
725 2710 773 2775 (rbi
784 2713 869 2764 littera
880 2714 894 2763 b
905 2729 984 2776 erasa,
1000 2715 1045 2764 nbi
1056 2729 1124 2765 nunc
1134 2722 1256 2779 punctum
1266 2730 1313 2779 po-

200 2781 297 2846 situm).
314 2784 349 2833 V.
361 2783 492 2847 Theopbr.
505 2783 537 2831 de
548 2796 615 2831 caus.
626 2780 705 2845 plant.
717 2780 738 2830 L
753 2787 792 2844 11,
805 2789 837 2842 3.,
849 2784 893 2833 abi
903 2798 927 2832 v.
939 2783 1084 2834 Schneider.
1095 2798 1120 2846 p.
1133 2786 1173 2832 et.
1183 2822 1215 2831 ..
1233 2781 1279 2841 bak,
1290 2797 1313 2830 a.

202 2891 233 2903 ..
250 2852 327 2904 Varro
339 2854 370 2901 de
380 2865 408 2899 re
418 2848 577 2917 rust.1.7,·6.
589 2888 617 2897 -
631 2847 757 2914 Smyrnae,
768 2845 861 2914 adssy.
871 2891 904 2901 -
915 2866 981 2898 mare
992 2849 1100 2914 deferam,
1112 2851 1147 2898 ita
1154 2850 1244 2899 Varro.
1261 2863 1313 2895 ma-

202 2927 276 2968 tream
285 2917 436 2982 nutriferum,
452 2911 480 2967 θ.
507 2924 621 2966 matream
633 2916 747 2982 trt'scrnm,
764 2918 794 2968 Τ.
820 2924 929 2966 matroon
944 2915 1060 2980 triferam,
1073 2918 1096 2966 d.
1122 2922 1220 2963 matrem
1236 2913 1312 2962 antri

193 2988 287 3052 feram,
294 3003 321 3037 a.
349 2983 473 3034 Matroam
485 2984 593 3049 biserara,
608 2985 676 3036 Pina
691 2999 716 3050 γ.
723 3026 727 3036 .
735 2985 791 3035 Iam
801 2986 865 3035 illud
877 2985 977 3049 quidem
988 2984 1135 3035 Pintianum
1144 2991 1212 3032 recte
1223 2983 1313 3032 vidisse

201 3063 319 3120 apparet,
336 3069 402 3101 mare
417 3068 499 3117 neque
515 3054 584 3118 apud·
598 3054 710 3104 Plinium
726 3068 808 3118 neque
824 3055 893 3119 apud
907 3052 1050 3105 Varronem
1067 3050 1125 3101 ferri
1141 3064 1223 3114 posse.
1249 3050 1313 3113 Quis

202 3124 269 3173 enim
280 3136 401 3185 umquam
414 3122 515 3171 dixerit:
537 3119 596 3170 vitea
612 3120 701 3185 biferae
712 3120 830 3186 Smyrnae
840 3118 909 3184 apud
916 3136 982 3168 mara
989 3119 1106 3182 fueruat?
1128 3118 1241 3168 Permira
1254 3132 1315 3169 sane

201 3193 267 3242 baec
283 3200 349 3241 esset
363 3190 414 3239 loci
430 3190 534 3240 alicuius
549 3189 674 3240 indicandi
690 3189 767 3250 ratio,
785 3203 835 3252 qua
846 3189 867 3238 si
878 3189 915 3238 uti
926 3189 1066 3239 voluissent
1077 3187 1160 3236 Varro
1172 3195 1197 3236 et
1207 3187 1313 3247 Plinius,

201 3266 268 3309 certe
284 3258 308 3306 in
325 3257 392 3306 litore
407 3257 481 3307 maria
496 3258 658 3322 scripsissent.
679 3258 737 3307 Hac
754 3257 887 3306 accedebat
903 3258 971 3320 apud
982 3256 1127 3306 Pintianum
1140 3256 1261 3319 scriptura
1272 3269 1313 3304 co-

203 3327 266 3377 dicis
281 3327 312 3388 T,
331 3339 440 3390 quacum
456 3327 531 3376 ceteri
547 3327 621 3375 codd.
636 3332 725 3390 postea
739 3324 826 3374 collati
842 3324 900 3387 plus
918 3324 1034 3375 minusve
1053 3323 1210 3388 conspiran13
1232 3338 1314 3387 neque

202 3396 307 3459 paulum
318 3394 427 3445 Pintiani
445 3395 613 3444 coniecturam
626 3393 814 3457 sustentatipre
824 3392 890 3441 Plin.
904 3396 944 3452 14,
958 3397 1007 3451 54,
1022 3391 1124 3441 abiait:
1147 3389 1252 3440 aornar
1267 3389 1313 3454 (sc

201 3463 289 3512 vinum
297 3459 457 3524 Pramnium)
466 3461 586 3527 Zmyrnae
597 3459 690 3524 reqione
701 3458 769 3507 iaxta
780 3456 899 3507 delubrum
910 3457 995 3507 notra
1005 3457 1079 3508 deun.
1099 3459 1175 3520 Quod
1186 3467 1270 3509 autem
1281 3459 1314 3507 ad

203 3531 286 3595 ipsum
301 3545 394 3580 nomen
406 3547 422 3580 a
432 3530 549 3581 Pintiano
565 3529 694 3578 inventum
709 3527 811 3587 attinet,
828 3527 912 3576 minus
928 3527 950 3575 ei
963 3540 1039 3590 qaam
1054 3530 1086 3577 de
1097 3528 1152 3591 ipsa
1162 3542 1189 3576 rs
1200 3526 1314 3577 assentiri

202 3614 314 3663 possum,
327 3614 384 3648 eum
396 3592 528 3663 Ματρῷον
538 3596 599 3660 ipsis
608 3594 710 3646 Graecis
722 3595 753 3644 sit
763 3594 912 3655 inauditum,
924 3595 991 3645 Plin.
1001 3610 1061 3644 vero
1073 3603 1139 3644 certe
1151 3595 1202 3644 hoc
1212 3595 1315 3644 nomine

203 3667 357 3726 abstinuerit,
370 3667 420 3731 qui,
433 3667 585 3727 ubicumque
595 3663 664 3712 illius
677 3663 738 3712 deae
748 3661 837 3712 fanum
849 3663 953 3726 aliquod
964 3664 1179 3723 commemoravit,
1194 3661 1266 3711 aliter
1277 3671 1315 3712 est

202 3735 311 3785 locutus.
334 3735 402 3785 Hinc
419 3749 452 3784 ex
466 3732 579 3794 vestigiis
590 3730 705 3779 codicum
716 3730 874 3780 scribendum
885 3739 924 3780 cst
935 3729 1002 3795 apud
1011 3730 1116 3781 Matrem
1128 3745 1246 3795 maynan,
1263 3744 1315 3794 quo

202 3804 305 3853 nomine
313 3805 381 3854 Plin.
390 3799 575 3867 Cybelenxdioit
584 3805 608 3858 2,
618 3803 675 3849 108.
688 3802 728 3858 36,
740 3800 787 3858 17.,
797 3812 876 3861 eaque
884 3798 961 3848 verba
969 3799 1110 3863 significant
1122 3796 1189 3862 apnd
1196 3794 1315 3846 delubrum

203 3870 295 3926 Matre}
309 3885 421 3936 maynae,
438 3868 476 3918 uti
492 3868 546 3931 ipse
560 3866 627 3916 Pliu.
644 3865 708 3914 dixit
720 3871 760 3926 31,
774 3871 813 3915 15.
839 3863 870 3915 In
880 3865 984 3916 Boeotia
997 3867 1065 3915 iaxta
1081 3864 1236 3930 diaphoniam
1248 3863 1315 3914 deum

203 3981 234 3991 ..
246 3981 277 3988 ..
287 3937 333 3988 duo
344 3936 492 3999 santfontee.
514 3933 557 3984 Uti
572 3948 631 3983 vero
642 3933 720 3983 Plinii
735 3934 812 3983 verba
822 3933 858 3984 ita
874 3943 933 3985 sunt
948 3935 1110 3995 restituenda,
1124 3934 1161 3985 ita
1171 3935 1239 3998 apud
1251 3935 1316 3984 Var-

202 4022 290 4057 ronem
303 4020 416 4071 quoque,
434 4002 505 4052 cuias
520 4000 626 4050 meliors
642 4002 781 4066 exemplari
796 4017 856 4053 usus
872 4003 1000 4063 estPlin.,
1017 4003 1153 4066 legendnm
1170 4004 1229 4064 erit,
1247 4003 1316 4066 qnod

160 4074 162 4078 ⁴
203 4083 288 4125 tamen
300 4089 353 4124 non
364 4073 432 4122 valet
443 4071 474 4119 de
486 4069 609 4118 adiectivo
618 4066 701 4130 bifera.
719 4071 778 4121 Hoc
789 4071 855 4120 enim
864 4071 890 4121 in
899 4086 930 4120 eo
939 4072 1026 4121 codice
1034 4072 1119 4133 Plinii,
1129 4086 1161 4121 ex
1170 4085 1221 4135 quo
1229 4077 1317 4120 nostra

204 4151 270 4192 certe
289 4139 443 4204 exemplaria
460 4144 619 4198 emanarunt,
638 4153 654 4186 a
668 4139 787 4188 aasumlo
803 4140 889 4203 aliquo
905 4139 1007 4190 librario
1025 4147 1117 4190 temere
1133 4140 1160 4188 in
1177 4137 1264 4201 misera
1279 4144 1317 4186 est

204 4216 342 4269 mutatum,
360 4208 397 4257 ita
407 4206 544 4269 legendum
557 4206 688 4270 opinante,
705 4208 764 4270 quia
774 4207 841 4257 Plin.
856 4209 935 4259 modo
946 4209 979 4258 de
989 4209 1082 4258 vitibus
1093 4207 1192 4267 triferio,
1205 4220 1268 4270 quas
1278 4204 1317 4253 in·

204 4292 278 4331 sanas
290 4274 422 4335 vocabant,
434 4273 538 4324 dixerat.
560 4272 616 4324 lam
628 4288 687 4324 vero
699 4275 719 4325 si
731 4275 798 4325 hane
811 4276 914 4327 nimiam
925 4274 1081 4328 fertilitatem
1093 4276 1169 4327 etiam
1180 4275 1208 4324 h.
1219 4274 1238 4323 1.·
1248 4272 1316 4324 Plln.
