<?xml version="1.0" encoding="UTF-8"?>
<!DOCTYPE html PUBLIC "-//W3C//DTD XHTML 1.0 Transitional//EN"
    "http://www.w3.org/TR/xhtml1/DTD/xhtml1-transitional.dtd">
<html xmlns="http://www.w3.org/1999/xhtml" xml:lang="en" lang="en">
 <head>
  <title>
</title>
<meta http-equiv="Content-Type" content="text/html;charset=utf-8" />
  <meta name='ocr-system' content='tesseract 3.04.00' />
  <meta name='ocr-capabilities' content='ocr_page ocr_carea ocr_par ocr_line ocrx_word'/>
</head>
<body>
  <div class='ocr_page' id='page_1' title='image "./cplinisecundina11plingoog_0192.png"; bbox 0 0 2896 4792; ppageno 0'>
   <div class='ocr_carea' id='block_1_1' title="bbox 336 261 1275 329">
    <p class='ocr_par' dir='ltr' id='par_1_1' title="bbox 336 261 1275 329">
     <span class='ocr_line' id='line_1_1' title="bbox 336 261 1275 329; baseline -0.001 -1"><span class='ocrx_word' id='word_1_1' title='bbox 336 284 405 329; x_wconf 77' lang='lat' dir='ltr'><strong>um.</strong></span> <span class='ocrx_word' id='word_1_2' title='bbox 421 283 524 328; x_wconf 87' lang='lat' dir='ltr'>xv111.</span> <span class='ocrx_word' id='word_1_3' title='bbox 552 281 631 328; x_wconf 74' lang='lat' dir='ltr'><strong>car.</strong></span> <span class='ocrx_word' id='word_1_4' title='bbox 648 281 860 328; x_wconf 68' lang='lat' dir='ltr'><strong>XXI-xxm.</strong></span> <span class='ocrx_word' id='word_1_5' title='bbox 889 279 987 327; x_wconf 79' lang='lat' dir='ltr'><strong>sucu.</strong></span> <span class='ocrx_word' id='word_1_6' title='bbox 1004 281 1085 324; x_wconf 72' lang='lat' dir='ltr'><strong>rem.</strong></span> <span class='ocrx_word' id='word_1_7' title='bbox 1215 261 1275 327; x_wconf 78' lang='lat'><strong>185</strong></span> 
     </span>
    </p>
   </div>
   <div class='ocr_carea' id='block_1_2' title="bbox 70 429 1346 3151">
    <p class='ocr_par' dir='ltr' id='par_1_2' title="bbox 155 429 1341 1431">
     <span class='ocr_line' id='line_1_2' title="bbox 156 429 1277 521; baseline -0.006 -22"><span class='ocrx_word' id='word_1_8' title='bbox 156 457 251 500; x_wconf 85' lang='lat' dir='ltr'><strong>omne</strong></span> <span class='ocrx_word' id='word_1_9' title='bbox 272 434 459 499; x_wconf 82' lang='lat' dir='ltr'><strong>miraculum</strong></span> <span class='ocrx_word' id='word_1_10' title='bbox 480 432 575 521; x_wconf 83' lang='lat' dir='ltr'><strong>riguo</strong></span> <span class='ocrx_word' id='word_1_11' title='bbox 597 432 681 510; x_wconf 86' lang='lat' dir='ltr'><strong>solo;</strong></span> <span class='ocrx_word' id='word_1_12' title='bbox 712 432 810 497; x_wconf 87' lang='lat' dir='ltr'><strong>ternis</strong></span> <span class='ocrx_word' id='word_1_13' title='bbox 830 431 896 495; x_wconf 85' lang='lat' dir='ltr'><strong>fere</strong></span> <span class='ocrx_word' id='word_1_14' title='bbox 919 430 1046 496; x_wconf 91' lang='lat' dir='ltr'><strong>milibus</strong></span> <span class='ocrx_word' id='word_1_15' title='bbox 1068 452 1221 515; x_wconf 78' lang='lat' dir='ltr'><strong>passuum</strong></span> <span class='ocrx_word' id='word_1_16' title='bbox 1243 429 1277 493; x_wconf 94' lang='lat' dir='ltr'><strong>in</strong></span> 
     </span>
     <span class='ocr_line' id='line_1_3' title="bbox 155 532 1278 621; baseline -0.003 -22"><span class='ocrx_word' id='word_1_17' title='bbox 155 558 283 600; x_wconf 91' lang='lat' dir='ltr'><strong>omnem</strong></span> <span class='ocrx_word' id='word_1_18' title='bbox 311 546 435 621; x_wconf 86' lang='lat' dir='ltr'><strong>partem</strong></span> <span class='ocrx_word' id='word_1_19' title='bbox 463 534 535 600; x_wconf 86' lang='lat' dir='ltr'><strong>fons</strong></span> <span class='ocrx_word' id='word_1_20' title='bbox 565 533 722 612; x_wconf 79' lang='lat' dir='ltr'><strong>abundat,</strong></span> <span class='ocrx_word' id='word_1_21' title='bbox 751 535 861 621; x_wconf 88' lang='lat' dir='ltr'><strong>largus</strong></span> <span class='ocrx_word' id='word_1_22' title='bbox 882 533 1011 617; x_wconf 90' lang='lat' dir='ltr'><strong>quidem</strong></span> <span class='ocrx_word' id='word_1_23' title='bbox 1041 532 1096 596; x_wconf 91' lang='lat' dir='ltr'><strong>sed</strong></span> <span class='ocrx_word' id='word_1_24' title='bbox 1123 541 1156 597; x_wconf 90' lang='lat' dir='ltr'><strong>et</strong></span> <span class='ocrx_word' id='word_1_25' title='bbox 1183 532 1278 596; x_wconf 89' lang='lat' dir='ltr'><strong>certis</strong></span> 
     </span>
     <span class='ocr_line' id='line_1_4' title="bbox 156 633 1277 721; baseline -0.002 -21"><span class='ocrx_word' id='word_1_26' title='bbox 156 636 308 701; x_wconf 89' lang='lat' dir='ltr'><strong>horarum</strong></span> <span class='ocrx_word' id='word_1_27' title='bbox 331 636 444 721; x_wconf 87' lang='lat' dir='ltr'><strong>spatiis</strong></span> <span class='ocrx_word' id='word_1_28' title='bbox 466 636 669 721; x_wconf 82' lang='lat' dir='ltr'><strong>dispensatur</strong></span> <span class='ocrx_word' id='word_1_29' title='bbox 696 635 779 700; x_wconf 89' lang='lat' dir='ltr'><strong>inter</strong></span> <span class='ocrx_word' id='word_1_30' title='bbox 800 634 929 701; x_wconf 89' lang='lat' dir='ltr'><strong>incolas.</strong></span> <span class='ocrx_word' id='word_1_31' title='bbox 962 633 1093 699; x_wconf 87' lang='lat' dir='ltr'><strong>Palmae</strong></span> <span class='ocrx_word' id='word_1_32' title='bbox 1114 633 1160 699; x_wconf 91' lang='lat' dir='ltr'><strong>ibi</strong></span> <span class='ocrx_word' id='word_1_33' title='bbox 1181 654 1277 719; x_wconf 82' lang='lat' dir='ltr'><strong>prae-</strong></span> 
     </span>
     <span class='ocr_line' id='line_1_5' title="bbox 157 735 1278 824; baseline -0.003 -22"><span class='ocrx_word' id='word_1_34' title='bbox 157 737 272 824; x_wconf 78' lang='lat' dir='ltr'><strong>grandi</strong></span> <span class='ocrx_word' id='word_1_35' title='bbox 295 736 444 803; x_wconf 79' lang='lat' dir='ltr'><strong>subditur</strong></span> <span class='ocrx_word' id='word_1_36' title='bbox 465 737 550 815; x_wconf 88' lang='lat' dir='ltr'><strong>olea,</strong></span> <span class='ocrx_word' id='word_1_37' title='bbox 579 735 654 801; x_wconf 91' lang='lat' dir='ltr'><strong>huic</strong></span> <span class='ocrx_word' id='word_1_38' title='bbox 675 736 771 812; x_wconf 89' lang='lat' dir='ltr'><strong>ficus,</strong></span> <span class='ocrx_word' id='word_1_39' title='bbox 798 737 860 801; x_wconf 89' lang='lat' dir='ltr'><strong>fico</strong></span> <span class='ocrx_word' id='word_1_40' title='bbox 881 736 1014 821; x_wconf 88' lang='lat' dir='ltr'><strong>punica,</strong></span> <span class='ocrx_word' id='word_1_41' title='bbox 1037 735 1083 800; x_wconf 88' lang='lat' dir='ltr'><strong>illi</strong></span> <span class='ocrx_word' id='word_1_42' title='bbox 1104 735 1195 813; x_wconf 89' lang='lat' dir='ltr'><strong>vitis,</strong></span> <span class='ocrx_word' id='word_1_43' title='bbox 1218 735 1278 800; x_wconf 92' lang='lat' dir='ltr'><strong>sub</strong></span> 
     </span>
     <span class='ocr_line' id='line_1_6' title="bbox 158 835 1306 922; baseline -0.003 -18"><span class='ocrx_word' id='word_1_44' title='bbox 158 839 224 906; x_wconf 88' lang='lat' dir='ltr'><strong>vite</strong></span> <span class='ocrx_word' id='word_1_45' title='bbox 247 838 364 904; x_wconf 87' lang='lat' dir='ltr'><strong>seritur</strong></span> <span class='ocrx_word' id='word_1_46' title='bbox 389 838 600 917; x_wconf 89' lang='lat' dir='ltr'><strong>frumentum,</strong></span> <span class='ocrx_word' id='word_1_47' title='bbox 627 859 703 902; x_wconf 90' lang='lat' dir='ltr'><strong>mox</strong></span> <span class='ocrx_word' id='word_1_48' title='bbox 724 837 889 922; x_wconf 80' lang='lat' dir='ltr'><strong>legumen,</strong></span> <span class='ocrx_word' id='word_1_49' title='bbox 917 835 1034 902; x_wconf 91' lang='lat' dir='ltr'><strong>deinde</strong></span> <span class='ocrx_word' id='word_1_50' title='bbox 1056 836 1144 914; x_wconf 86' lang='lat' dir='ltr'><strong>olus,</strong></span> <span class='ocrx_word' id='word_1_51' title='bbox 1172 836 1306 914; x_wconf 85' lang='lat' dir='ltr'><strong>omnia</strong></span> 
     </span>
     <span class='ocr_line' id='line_1_7' title="bbox 158 935 1341 1024; baseline -0.009 -17"><span class='ocrx_word' id='word_1_52' title='bbox 158 941 270 1007; x_wconf 85' lang='lat' dir='ltr'><strong>eodem</strong></span> <span class='ocrx_word' id='word_1_53' title='bbox 292 962 393 1017; x_wconf 87' lang='lat' dir='ltr'><strong>anno,</strong></span> <span class='ocrx_word' id='word_1_54' title='bbox 415 940 582 1024; x_wconf 87' lang='lat' dir='ltr'><strong>omniaque</strong></span> <span class='ocrx_word' id='word_1_55' title='bbox 604 938 709 1004; x_wconf 90' lang='lat' dir='ltr'><strong>aliena</strong></span> <span class='ocrx_word' id='word_1_56' title='bbox 729 939 844 1004; x_wconf 91' lang='lat' dir='ltr'><strong>umbra</strong></span> <span class='ocrx_word' id='word_1_57' title='bbox 865 938 1003 1003; x_wconf 88' lang='lat' dir='ltr'><strong>aluntur.</strong></span> <span class='ocrx_word' id='word_1_58' title='bbox 1032 935 1198 1018; x_wconf 78' lang='lat' dir='ltr'><strong>Quaterna</strong></span> <span class='ocrx_word' id='word_1_59' title='bbox 1220 960 1277 1003; x_wconf 91' lang='lat' dir='ltr'><strong>cu-</strong></span> <span class='ocrx_word' id='word_1_60' title='bbox 1294 951 1341 998; x_wconf 79' lang='lat' dir='ltr'><strong>loa</strong></span> 
     </span>
     <span class='ocr_line' id='line_1_8' title="bbox 157 1039 1280 1126; baseline -0.003 -20"><span class='ocrx_word' id='word_1_61' title='bbox 157 1041 225 1108; x_wconf 86' lang='lat' dir='ltr'><strong>bita</strong></span> <span class='ocrx_word' id='word_1_62' title='bbox 250 1040 320 1105; x_wconf 89' lang='lat' dir='ltr'><strong>eius</strong></span> <span class='ocrx_word' id='word_1_63' title='bbox 347 1040 404 1104; x_wconf 87' lang='lat' dir='ltr'><strong>soli</strong></span> <span class='ocrx_word' id='word_1_64' title='bbox 430 1041 464 1104; x_wconf 90' lang='lat' dir='ltr'><strong>in</strong></span> <span class='ocrx_word' id='word_1_65' title='bbox 491 1040 697 1124; x_wconf 87' lang='lat' dir='ltr'><strong>quadratum,</strong></span> <span class='ocrx_word' id='word_1_66' title='bbox 730 1063 790 1106; x_wconf 92' lang='lat' dir='ltr'><strong>nec</strong></span> <span class='ocrx_word' id='word_1_67' title='bbox 819 1050 855 1104; x_wconf 90' lang='lat' dir='ltr'><strong>ut</strong></span> <span class='ocrx_word' id='word_1_68' title='bbox 880 1064 899 1104; x_wconf 89' lang='lat' dir='ltr'><strong>a</strong></span> <span class='ocrx_word' id='word_1_69' title='bbox 926 1039 1082 1126; x_wconf 87' lang='lat' dir='ltr'><strong>porrectis</strong></span> <span class='ocrx_word' id='word_1_70' title='bbox 1108 1040 1280 1105; x_wconf 90' lang='lat' dir='ltr'><strong>metiantur</strong></span> 
     </span>
     <span class='ocr_line' id='line_1_9' title="bbox 158 1140 1279 1227; baseline 0 -22"><span class='ocrx_word' id='word_1_71' title='bbox 158 1140 268 1227; x_wconf 83' lang='lat' dir='ltr'><strong>digitis</strong></span> <span class='ocrx_word' id='word_1_72' title='bbox 290 1142 348 1206; x_wconf 89' lang='lat' dir='ltr'><strong>sed</strong></span> <span class='ocrx_word' id='word_1_73' title='bbox 368 1142 402 1205; x_wconf 92' lang='lat' dir='ltr'><strong>in</strong></span> <span class='ocrx_word' id='word_1_74' title='bbox 424 1164 570 1227; x_wconf 85' lang='lat' dir='ltr'><strong>pugnum</strong></span> <span class='ocrx_word' id='word_1_75' title='bbox 585 1141 774 1220; x_wconf 90' lang='lat' dir='ltr'><strong>contractis,</strong></span> <span class='ocrx_word' id='word_1_76' title='bbox 798 1141 963 1225; x_wconf 86' lang='lat' dir='ltr'><strong>quaternis</strong></span> <span class='ocrx_word' id='word_1_77' title='bbox 985 1141 1123 1207; x_wconf 87' lang='lat' dir='ltr'><strong>denariis</strong></span> <span class='ocrx_word' id='word_1_78' title='bbox 1144 1162 1279 1206; x_wconf 91' lang='lat' dir='ltr'><strong>venum-</strong></span> 
     </span>
     <span class='ocr_line' id='line_1_10' title="bbox 158 1240 1280 1328; baseline 0 -22"><span class='ocrx_word' id='word_1_79' title='bbox 158 1243 284 1307; x_wconf 79' lang='lat' dir='ltr'><strong>dentur.</strong></span> <span class='ocrx_word' id='word_1_80' title='bbox 325 1240 431 1328; x_wconf 88' lang='lat' dir='ltr'><strong>Super</strong></span> <span class='ocrx_word' id='word_1_81' title='bbox 458 1243 564 1306; x_wconf 91' lang='lat' dir='ltr'><strong>omnia</strong></span> <span class='ocrx_word' id='word_1_82' title='bbox 591 1254 640 1308; x_wconf 86' lang='lat' dir='ltr'><strong>est</strong></span> <span class='ocrx_word' id='word_1_83' title='bbox 672 1243 776 1308; x_wconf 86' lang='lat' dir='ltr'><strong>bifera</strong></span> <span class='ocrx_word' id='word_1_84' title='bbox 802 1243 867 1308; x_wconf 86' lang='lat' dir='ltr'><strong>vito</strong></span> <span class='ocrx_word' id='word_1_85' title='bbox 895 1242 945 1308; x_wconf 90' lang='lat' dir='ltr'><strong>bis</strong></span> <span class='ocrx_word' id='word_1_86' title='bbox 967 1266 1050 1309; x_wconf 92' lang='lat' dir='ltr'><strong>anno</strong></span> <span class='ocrx_word' id='word_1_87' title='bbox 1072 1242 1280 1309; x_wconf 86' lang='lat' dir='ltr'><strong>vindemiare.</strong></span> 
     </span>
     <span class='ocr_line' id='line_1_11' title="bbox 159 1343 1282 1431; baseline -0.001 -24"><span class='ocrx_word' id='word_1_88' title='bbox 159 1343 205 1407; x_wconf 86' lang='lat' dir='ltr'><strong>Et</strong></span> <span class='ocrx_word' id='word_1_89' title='bbox 225 1343 289 1408; x_wconf 90' lang='lat' dir='ltr'><strong>nisi</strong></span> <span class='ocrx_word' id='word_1_90' title='bbox 310 1344 477 1430; x_wconf 87' lang='lat' dir='ltr'><strong>multiplici</strong></span> <span class='ocrx_word' id='word_1_91' title='bbox 500 1356 595 1429; x_wconf 87' lang='lat' dir='ltr'><strong>partu</strong></span> <span class='ocrx_word' id='word_1_92' title='bbox 616 1345 817 1410; x_wconf 87' lang='lat' dir='ltr'><strong>exinaniatur</strong></span> <span class='ocrx_word' id='word_1_93' title='bbox 837 1344 986 1422; x_wconf 89' lang='lat' dir='ltr'><strong>ubertas,</strong></span> <span class='ocrx_word' id='word_1_94' title='bbox 1009 1355 1141 1431; x_wconf 89' lang='lat' dir='ltr'><strong>pereant</strong></span> <span class='ocrx_word' id='word_1_95' title='bbox 1154 1343 1282 1408; x_wconf 84' lang='lat' dir='ltr'><strong>luxuria</strong></span> 
     </span>
    </p>

    <p class='ocr_par' dir='ltr' id='par_1_3' title="bbox 70 1439 1345 2142">
     <span class='ocr_line' id='line_1_12' title="bbox 70 1439 1281 1531; baseline 0.001 -24"><span class='ocrx_word' id='word_1_96' title='bbox 70 1439 80 1446; x_wconf 73' lang='grc'><strong><em>’</em></strong></span> <span class='ocrx_word' id='word_1_97' title='bbox 161 1445 277 1531; x_wconf 86' lang='lat' dir='ltr'><strong>singuli</strong></span> <span class='ocrx_word' id='word_1_98' title='bbox 299 1446 438 1523; x_wconf 65' lang='lat' dir='ltr'><strong>fructum</strong></span> <span class='ocrx_word' id='word_1_99' title='bbox 462 1469 547 1512; x_wconf 89' lang='lat' dir='ltr'><strong>nunc</strong></span> <span class='ocrx_word' id='word_1_100' title='bbox 569 1468 646 1512; x_wconf 84' lang='lat' dir='ltr'><strong>vero</strong></span> <span class='ocrx_word' id='word_1_101' title='bbox 668 1456 733 1512; x_wconf 89' lang='lat' dir='ltr'><strong>toto</strong></span> <span class='ocrx_word' id='word_1_102' title='bbox 755 1468 839 1510; x_wconf 88' lang='lat' dir='ltr'><strong>anno</strong></span> <span class='ocrx_word' id='word_1_103' title='bbox 859 1447 990 1513; x_wconf 88' lang='lat' dir='ltr'><strong>metitur</strong></span> <span class='ocrx_word' id='word_1_104' title='bbox 1004 1446 1124 1531; x_wconf 89' lang='lat' dir='ltr'><strong>aliquid</strong></span> <span class='ocrx_word' id='word_1_105' title='bbox 1139 1453 1281 1511; x_wconf 85' lang='lat' dir='ltr'><strong>constat-</strong></span> 
     </span>
     <span class='ocr_line' id='line_1_13' title="bbox 159 1545 1345 1633; baseline 0.001 -24"><span class='ocrx_word' id='word_1_106' title='bbox 159 1568 222 1630; x_wconf 91' lang='lat' dir='ltr'><strong>que</strong></span> <span class='ocrx_word' id='word_1_107' title='bbox 244 1547 398 1612; x_wconf 83' lang='lat' dir='ltr'><strong>fertilitati</strong></span> <span class='ocrx_word' id='word_1_108' title='bbox 419 1571 484 1614; x_wconf 91' lang='lat' dir='ltr'><strong>non</strong></span> <span class='ocrx_word' id='word_1_109' title='bbox 505 1570 674 1614; x_wconf 88' lang='lat' dir='ltr'><strong>occurrere</strong></span> <span class='ocrx_word' id='word_1_110' title='bbox 696 1547 851 1613; x_wconf 82' lang='lat' dir='ltr'><strong>homines.</strong></span> <span class='ocrx_word' id='word_1_111' title='bbox 879 1548 1048 1633; x_wconf 91' lang='lat' dir='ltr'><strong>Aquarum</strong></span> <span class='ocrx_word' id='word_1_112' title='bbox 1070 1569 1196 1632; x_wconf 92' lang='lat' dir='ltr'><strong>quoque</strong></span> <span class='ocrx_word' id='word_1_113' title='bbox 1218 1545 1345 1610; x_wconf 79' lang='lat' dir='ltr'><strong>dii-190</strong></span> 
     </span>
     <span class='ocr_line' id='line_1_14' title="bbox 160 1646 1282 1738; baseline 0 -26"><span class='ocrx_word' id='word_1_114' title='bbox 160 1649 295 1714; x_wconf 87' lang='lat' dir='ltr'><strong>ferentia</strong></span> <span class='ocrx_word' id='word_1_115' title='bbox 323 1671 440 1736; x_wconf 83' lang='lat' dir='ltr'><strong>magna</strong></span> <span class='ocrx_word' id='word_1_116' title='bbox 467 1648 580 1738; x_wconf 84' lang='lat' dir='ltr'><strong>riguis.</strong></span> <span class='ocrx_word' id='word_1_117' title='bbox 613 1648 676 1715; x_wconf 86' lang='lat' dir='ltr'><strong>Est</strong></span> <span class='ocrx_word' id='word_1_118' title='bbox 704 1650 738 1713; x_wconf 92' lang='lat' dir='ltr'><strong>in</strong></span> <span class='ocrx_word' id='word_1_119' title='bbox 759 1648 961 1715; x_wconf 85' lang='lat' dir='ltr'><strong>Narbonensi</strong></span> <span class='ocrx_word' id='word_1_120' title='bbox 983 1649 1146 1735; x_wconf 86' lang='lat' dir='ltr'><strong>provincia</strong></span> <span class='ocrx_word' id='word_1_121' title='bbox 1168 1646 1282 1714; x_wconf 88' lang='lat' dir='ltr'><strong>nobilis</strong></span> 
     </span>
     <span class='ocr_line' id='line_1_15' title="bbox 162 1749 1281 1837; baseline 0 -23"><span class='ocrx_word' id='word_1_122' title='bbox 162 1749 234 1814; x_wconf 92' lang='lat' dir='ltr'><strong>fons</strong></span> <span class='ocrx_word' id='word_1_123' title='bbox 256 1749 347 1837; x_wconf 87' lang='lat' dir='ltr'><strong>Orge</strong></span> <span class='ocrx_word' id='word_1_124' title='bbox 375 1751 519 1827; x_wconf 88' lang='lat' dir='ltr'><strong>nomine;</strong></span> <span class='ocrx_word' id='word_1_125' title='bbox 549 1751 582 1815; x_wconf 93' lang='lat' dir='ltr'><strong>in</strong></span> <span class='ocrx_word' id='word_1_126' title='bbox 611 1773 649 1817; x_wconf 89' lang='lat' dir='ltr'><strong>eo</strong></span> <span class='ocrx_word' id='word_1_127' title='bbox 678 1751 797 1817; x_wconf 88' lang='lat' dir='ltr'><strong>herbae</strong></span> <span class='ocrx_word' id='word_1_128' title='bbox 824 1761 999 1817; x_wconf 87' lang='lat' dir='ltr'><strong>nascuntur</strong></span> <span class='ocrx_word' id='word_1_129' title='bbox 1023 1751 1057 1814; x_wconf 91' lang='lat' dir='ltr'><strong>in</strong></span> <span class='ocrx_word' id='word_1_130' title='bbox 1079 1760 1204 1814; x_wconf 88' lang='lat' dir='ltr'><strong>tantum</strong></span> <span class='ocrx_word' id='word_1_131' title='bbox 1224 1770 1281 1814; x_wconf 83' lang='lat' dir='ltr'><strong>ex·</strong></span> 
     </span>
     <span class='ocr_line' id='line_1_16' title="bbox 160 1848 1284 1939; baseline -0.002 -23"><span class='ocrx_word' id='word_1_132' title='bbox 160 1850 279 1936; x_wconf 85' lang='lat' dir='ltr'><strong>petitae</strong></span> <span class='ocrx_word' id='word_1_133' title='bbox 310 1850 416 1916; x_wconf 84' lang='lat' dir='ltr'><strong>bubus</strong></span> <span class='ocrx_word' id='word_1_134' title='bbox 451 1864 488 1916; x_wconf 93' lang='lat' dir='ltr'><strong>ut</strong></span> <span class='ocrx_word' id='word_1_135' title='bbox 515 1851 629 1916; x_wconf 87' lang='lat' dir='ltr'><strong>mersis</strong></span> <span class='ocrx_word' id='word_1_136' title='bbox 659 1852 817 1939; x_wconf 89' lang='lat' dir='ltr'><strong>capitibus</strong></span> <span class='ocrx_word' id='word_1_137' title='bbox 845 1853 920 1919; x_wconf 89' lang='lat' dir='ltr'><strong>totis</strong></span> <span class='ocrx_word' id='word_1_138' title='bbox 948 1875 1003 1917; x_wconf 88' lang='lat' dir='ltr'><strong>eas</strong></span> <span class='ocrx_word' id='word_1_139' title='bbox 1024 1860 1196 1936; x_wconf 82' lang='lat' dir='ltr'><strong>quaerant3</strong></span> <span class='ocrx_word' id='word_1_140' title='bbox 1226 1848 1284 1916; x_wconf 90' lang='lat' dir='ltr'><strong>sed</strong></span> 
     </span>
     <span class='ocr_line' id='line_1_17' title="bbox 159 1952 1283 2038; baseline 0 -20"><span class='ocrx_word' id='word_1_141' title='bbox 159 1953 230 2018; x_wconf 86' lang='lat' dir='ltr'><strong>illas</strong></span> <span class='ocrx_word' id='word_1_142' title='bbox 261 1953 295 2017; x_wconf 92' lang='lat' dir='ltr'><strong>in</strong></span> <span class='ocrx_word' id='word_1_143' title='bbox 327 1975 410 2038; x_wconf 86' lang='lat' dir='ltr'><strong>aqua</strong></span> <span class='ocrx_word' id='word_1_144' title='bbox 442 1953 602 2017; x_wconf 85' lang='lat' dir='ltr'><strong>nascentis</strong></span> <span class='ocrx_word' id='word_1_145' title='bbox 632 1964 754 2018; x_wconf 90' lang='lat' dir='ltr'><strong>eertum</strong></span> <span class='ocrx_word' id='word_1_146' title='bbox 783 1965 832 2019; x_wconf 89' lang='lat' dir='ltr'><strong>est</strong></span> <span class='ocrx_word' id='word_1_147' title='bbox 859 1977 925 2019; x_wconf 91' lang='lat' dir='ltr'><strong>non</strong></span> <span class='ocrx_word' id='word_1_148' title='bbox 951 1953 1014 2019; x_wconf 85' lang='lat' dir='ltr'><strong>nisi</strong></span> <span class='ocrx_word' id='word_1_149' title='bbox 1046 1952 1203 2018; x_wconf 89' lang='lat' dir='ltr'><strong>imbribus</strong></span> <span class='ocrx_word' id='word_1_150' title='bbox 1231 1952 1283 2017; x_wconf 80' lang='lat' dir='ltr'><strong>ali</strong></span> 
     </span>
     <span class='ocr_line' id='line_1_18' title="bbox 161 2054 1020 2142; baseline 0.002 -23"><span class='ocrx_word' id='word_1_151' title='bbox 161 2054 252 2142; x_wconf 85' lang='lat' dir='ltr'><strong>Ergo</strong></span> <span class='ocrx_word' id='word_1_152' title='bbox 274 2077 366 2120; x_wconf 89' lang='lat' dir='ltr'><strong>suam</strong></span> <span class='ocrx_word' id='word_1_153' title='bbox 387 2054 522 2139; x_wconf 92' lang='lat' dir='ltr'><strong>quisque</strong></span> <span class='ocrx_word' id='word_1_154' title='bbox 546 2065 663 2120; x_wconf 87' lang='lat' dir='ltr'><strong>terram</strong></span> <span class='ocrx_word' id='word_1_155' title='bbox 684 2077 865 2140; x_wconf 87' lang='lat' dir='ltr'><strong>aquamque</strong></span> <span class='ocrx_word' id='word_1_156' title='bbox 886 2056 1020 2122; x_wconf 86' lang='lat' dir='ltr'><strong>noverit.</strong></span> 
     </span>
    </p>

    <p class='ocr_par' dir='ltr' id='par_1_4' title="bbox 161 2154 1346 3151">
     <span class='ocr_line' id='line_1_19' title="bbox 204 2154 1346 2245; baseline 0.002 -24"><span class='ocrx_word' id='word_1_157' title='bbox 204 2155 342 2221; x_wconf 90' lang='lat' dir='ltr'>XXIII.</span> <span class='ocrx_word' id='word_1_158' title='bbox 366 2158 417 2223; x_wconf 78' lang='lat'><strong>52.</strong></span> <span class='ocrx_word' id='word_1_159' title='bbox 442 2154 478 2222; x_wconf 86' lang='lat' dir='ltr'><strong>Si</strong></span> <span class='ocrx_word' id='word_1_160' title='bbox 494 2157 593 2222; x_wconf 83' lang='lat' dir='ltr'><strong>fuerit</strong></span> <span class='ocrx_word' id='word_1_161' title='bbox 605 2157 659 2222; x_wconf 91' lang='lat' dir='ltr'><strong>illa</strong></span> <span class='ocrx_word' id='word_1_162' title='bbox 674 2169 759 2223; x_wconf 89' lang='lat' dir='ltr'><strong>terra</strong></span> <span class='ocrx_word' id='word_1_163' title='bbox 773 2181 869 2243; x_wconf 91' lang='lat' dir='ltr'><strong>quam</strong></span> <span class='ocrx_word' id='word_1_164' title='bbox 884 2158 1115 2245; x_wconf 89' lang='lat' dir='ltr'><strong>appellavimus</strong></span> <span class='ocrx_word' id='word_1_165' title='bbox 1131 2168 1284 2235; x_wconf 87' lang='lat' dir='ltr'><strong>teneram,</strong></span> <span class='ocrx_word' id='word_1_166' title='bbox 1299 2169 1346 2213; x_wconf 75' lang='lat'><strong>¹⁹1</strong></span> 
     </span>
     <span class='ocr_line' id='line_1_20' title="bbox 162 2258 1284 2347; baseline 0 -23"><span class='ocrx_word' id='word_1_167' title='bbox 162 2258 279 2343; x_wconf 88' lang='lat' dir='ltr'><strong>poterit</strong></span> <span class='ocrx_word' id='word_1_168' title='bbox 294 2258 418 2324; x_wconf 86' lang='lat' dir='ltr'><strong>sublato</strong></span> <span class='ocrx_word' id='word_1_169' title='bbox 431 2258 552 2323; x_wconf 87' lang='lat' dir='ltr'><strong>hordeo</strong></span> <span class='ocrx_word' id='word_1_170' title='bbox 568 2259 630 2325; x_wconf 88' lang='lat' dir='ltr'><strong>seri</strong></span> <span class='ocrx_word' id='word_1_171' title='bbox 644 2259 784 2338; x_wconf 91' lang='lat' dir='ltr'><strong>milium,</strong></span> <span class='ocrx_word' id='word_1_172' title='bbox 809 2282 846 2325; x_wconf 90' lang='lat' dir='ltr'><strong>eo</strong></span> <span class='ocrx_word' id='word_1_173' title='bbox 868 2261 996 2325; x_wconf 91' lang='lat' dir='ltr'><strong>condito</strong></span> <span class='ocrx_word' id='word_1_174' title='bbox 1017 2282 1111 2347; x_wconf 90' lang='lat' dir='ltr'><strong>rapa,</strong></span> <span class='ocrx_word' id='word_1_175' title='bbox 1134 2259 1184 2324; x_wconf 89' lang='lat' dir='ltr'><strong>his</strong></span> <span class='ocrx_word' id='word_1_176' title='bbox 1207 2258 1284 2324; x_wconf 88' lang='lat' dir='ltr'><strong>sub·</strong></span> 
     </span>
     <span class='ocr_line' id='line_1_21' title="bbox 161 2358 1286 2448; baseline 0.003 -26"><span class='ocrx_word' id='word_1_177' title='bbox 161 2358 236 2424; x_wconf 89' lang='lat' dir='ltr'><strong>latis</strong></span> <span class='ocrx_word' id='word_1_178' title='bbox 258 2359 412 2425; x_wconf 90' lang='lat' dir='ltr'><strong>hordeum</strong></span> <span class='ocrx_word' id='word_1_179' title='bbox 435 2381 546 2424; x_wconf 89' lang='lat' dir='ltr'><strong>rursus</strong></span> <span class='ocrx_word' id='word_1_180' title='bbox 569 2360 620 2425; x_wconf 88' lang='lat' dir='ltr'><strong>vel</strong></span> <span class='ocrx_word' id='word_1_181' title='bbox 642 2360 792 2438; x_wconf 91' lang='lat' dir='ltr'><strong>triticum,</strong></span> <span class='ocrx_word' id='word_1_182' title='bbox 815 2361 898 2426; x_wconf 88' lang='lat' dir='ltr'><strong>sieut</strong></span> <span class='ocrx_word' id='word_1_183' title='bbox 918 2362 952 2425; x_wconf 89' lang='lat' dir='ltr'><strong>in</strong></span> <span class='ocrx_word' id='word_1_184' title='bbox 973 2359 1168 2448; x_wconf 87' lang='lat' dir='ltr'><strong>Campania,</strong></span> <span class='ocrx_word' id='word_1_185' title='bbox 1190 2359 1286 2425; x_wconf 87' lang='lat' dir='ltr'><strong>satis·</strong></span> 
     </span>
     <span class='ocr_line' id='line_1_22' title="bbox 163 2460 1286 2543; baseline 0.002 -20"><span class='ocrx_word' id='word_1_186' title='bbox 163 2482 226 2543; x_wconf 93' lang='lat' dir='ltr'><strong>que</strong></span> <span class='ocrx_word' id='word_1_187' title='bbox 259 2460 331 2526; x_wconf 86' lang='lat' dir='ltr'><strong>talis</strong></span> <span class='ocrx_word' id='word_1_188' title='bbox 365 2472 449 2525; x_wconf 86' lang='lat' dir='ltr'><strong>terra</strong></span> <span class='ocrx_word' id='word_1_189' title='bbox 481 2471 604 2538; x_wconf 89' lang='lat' dir='ltr'><strong>aratur,</strong></span> <span class='ocrx_word' id='word_1_190' title='bbox 643 2485 715 2527; x_wconf 90' lang='lat' dir='ltr'><strong>cum</strong></span> <span class='ocrx_word' id='word_1_191' title='bbox 748 2463 874 2527; x_wconf 87' lang='lat' dir='ltr'><strong>seritur.</strong></span> <span class='ocrx_word' id='word_1_192' title='bbox 911 2463 1006 2528; x_wconf 86' lang='lat' dir='ltr'><strong>Alius</strong></span> <span class='ocrx_word' id='word_1_193' title='bbox 1040 2463 1119 2528; x_wconf 89' lang='lat' dir='ltr'><strong>ordo</strong></span> <span class='ocrx_word' id='word_1_194' title='bbox 1145 2473 1197 2539; x_wconf 90' lang='lat' dir='ltr'><strong>ut,</strong></span> <span class='ocrx_word' id='word_1_195' title='bbox 1229 2460 1286 2526; x_wconf 92' lang='lat' dir='ltr'><strong>ubi</strong></span> 
     </span>
     <span class='ocr_line' id='line_1_23' title="bbox 161 2561 1284 2645; baseline 0.002 -21"><span class='ocrx_word' id='word_1_196' title='bbox 161 2561 318 2625; x_wconf 87' lang='lat' dir='ltr'><strong>adoreum</strong></span> <span class='ocrx_word' id='word_1_197' title='bbox 345 2561 459 2638; x_wconf 85' lang='lat' dir='ltr'><strong>fuerit,</strong></span> <span class='ocrx_word' id='word_1_198' title='bbox 491 2575 594 2627; x_wconf 87' lang='lat' dir='ltr'><strong>cesset</strong></span> <span class='ocrx_word' id='word_1_199' title='bbox 623 2572 773 2645; x_wconf 91' lang='lat' dir='ltr'><strong>quattuor</strong></span> <span class='ocrx_word' id='word_1_200' title='bbox 798 2563 961 2628; x_wconf 90' lang='lat' dir='ltr'><strong>mensibus</strong></span> <span class='ocrx_word' id='word_1_201' title='bbox 988 2563 1131 2628; x_wconf 89' lang='lat' dir='ltr'><strong>hibernis</strong></span> <span class='ocrx_word' id='word_1_202' title='bbox 1158 2573 1191 2628; x_wconf 90' lang='lat' dir='ltr'><strong>et</strong></span> <span class='ocrx_word' id='word_1_203' title='bbox 1211 2585 1284 2627; x_wconf 87' lang='lat' dir='ltr'><strong>ver·</strong></span> 
     </span>
     <span class='ocr_line' id='line_1_24' title="bbox 162 2662 1286 2748; baseline 0.001 -21"><span class='ocrx_word' id='word_1_204' title='bbox 162 2686 237 2727; x_wconf 88' lang='lat' dir='ltr'><strong>nam</strong></span> <span class='ocrx_word' id='word_1_205' title='bbox 266 2663 373 2728; x_wconf 84' lang='lat' dir='ltr'><strong>iaham</strong></span> <span class='ocrx_word' id='word_1_206' title='bbox 401 2662 535 2748; x_wconf 87' lang='lat' dir='ltr'><strong>recipiat</strong></span> <span class='ocrx_word' id='word_1_207' title='bbox 560 2662 607 2727; x_wconf 90' lang='lat' dir='ltr'><strong>ita</strong></span> <span class='ocrx_word' id='word_1_208' title='bbox 633 2675 669 2728; x_wconf 87' lang='lat' dir='ltr'><strong>ut</strong></span> <span class='ocrx_word' id='word_1_209' title='bbox 690 2675 764 2728; x_wconf 90' lang='lat' dir='ltr'><strong>ante</strong></span> <span class='ocrx_word' id='word_1_210' title='bbox 785 2664 953 2729; x_wconf 88' lang='lat' dir='ltr'><strong>hiemalem</strong></span> <span class='ocrx_word' id='word_1_211' title='bbox 974 2687 1015 2728; x_wconf 89' lang='lat' dir='ltr'><strong>ne</strong></span> <span class='ocrx_word' id='word_1_212' title='bbox 1037 2674 1149 2729; x_wconf 85' lang='lat' dir='ltr'><strong>cesset</strong></span> <span class='ocrx_word' id='word_1_213' title='bbox 1182 2662 1286 2728; x_wconf 88' lang='lat' dir='ltr'><strong>Nimis</strong></span> 
     </span>
     <span class='ocr_line' id='line_1_25' title="bbox 163 2762 1286 2850; baseline 0.001 -24"><span class='ocrx_word' id='word_1_214' title='bbox 163 2762 294 2850; x_wconf 85' lang='lat' dir='ltr'><strong>pinguis</strong></span> <span class='ocrx_word' id='word_1_215' title='bbox 317 2763 468 2828; x_wconf 89' lang='lat' dir='ltr'><strong>alternari</strong></span> <span class='ocrx_word' id='word_1_216' title='bbox 496 2773 604 2849; x_wconf 89' lang='lat' dir='ltr'><strong>potest</strong></span> <span class='ocrx_word' id='word_1_217' title='bbox 611 2789 620 2843; x_wconf 85' lang='lat'>3</span> <span class='ocrx_word' id='word_1_218' title='bbox 653 2764 700 2828; x_wconf 89' lang='lat' dir='ltr'><strong>ita</strong></span> <span class='ocrx_word' id='word_1_219' title='bbox 732 2764 769 2828; x_wconf 90' lang='lat' dir='ltr'><strong>fit</strong></span> <span class='ocrx_word' id='word_1_220' title='bbox 795 2777 830 2829; x_wconf 91' lang='lat' dir='ltr'><strong>ut</strong></span> <span class='ocrx_word' id='word_1_221' title='bbox 860 2765 1024 2830; x_wconf 82' lang='lat' dir='ltr'><strong>frumento</strong></span> <span class='ocrx_word' id='word_1_222' title='bbox 1047 2765 1172 2830; x_wconf 87' lang='lat' dir='ltr'><strong>sublato</strong></span> <span class='ocrx_word' id='word_1_223' title='bbox 1194 2764 1286 2850; x_wconf 79' lang='lat' dir='ltr'><strong>legu-</strong></span> 
     </span>
     <span class='ocr_line' id='line_1_26' title="bbox 164 2863 1286 2953; baseline 0 -24"><span class='ocrx_word' id='word_1_224' title='bbox 164 2887 238 2930; x_wconf 90' lang='lat' dir='ltr'><strong>men</strong></span> <span class='ocrx_word' id='word_1_225' title='bbox 265 2863 360 2930; x_wconf 89' lang='lat' dir='ltr'><strong>tertio</strong></span> <span class='ocrx_word' id='word_1_226' title='bbox 387 2874 524 2940; x_wconf 81' lang='lat' dir='ltr'><strong>seratur3</strong></span> <span class='ocrx_word' id='word_1_227' title='bbox 558 2865 710 2953; x_wconf 84' lang='lat' dir='ltr'><strong>gracilior</strong></span> <span class='ocrx_word' id='word_1_228' title='bbox 742 2877 775 2932; x_wconf 89' lang='lat' dir='ltr'><strong>et</strong></span> <span class='ocrx_word' id='word_1_229' title='bbox 801 2866 836 2930; x_wconf 94' lang='lat' dir='ltr'><strong>in</strong></span> <span class='ocrx_word' id='word_1_230' title='bbox 870 2889 989 2932; x_wconf 87' lang='lat' dir='ltr'><strong>annum</strong></span> <span class='ocrx_word' id='word_1_231' title='bbox 1017 2866 1145 2932; x_wconf 90' lang='lat' dir='ltr'><strong>tertium</strong></span> <span class='ocrx_word' id='word_1_232' title='bbox 1172 2874 1286 2931; x_wconf 86' lang='lat' dir='ltr'><strong>cesset.</strong></span> 
     </span>
     <span class='ocr_line' id='line_1_27' title="bbox 164 2964 1287 3053; baseline 0 -24"><span class='ocrx_word' id='word_1_233' title='bbox 164 2964 378 3030; x_wconf 84' lang='lat' dir='ltr'><strong>Frumentum</strong></span> <span class='ocrx_word' id='word_1_234' title='bbox 406 2966 468 3031; x_wconf 90' lang='lat' dir='ltr'><strong>seri</strong></span> <span class='ocrx_word' id='word_1_235' title='bbox 495 2965 626 3050; x_wconf 89' lang='lat' dir='ltr'><strong>quidam</strong></span> <span class='ocrx_word' id='word_1_236' title='bbox 654 2979 764 3032; x_wconf 90' lang='lat' dir='ltr'><strong>vetant</strong></span> <span class='ocrx_word' id='word_1_237' title='bbox 791 2967 852 3033; x_wconf 91' lang='lat' dir='ltr'><strong>nisi</strong></span> <span class='ocrx_word' id='word_1_238' title='bbox 884 2968 918 3033; x_wconf 91' lang='lat' dir='ltr'><strong>in</strong></span> <span class='ocrx_word' id='word_1_239' title='bbox 952 2991 990 3033; x_wconf 89' lang='lat' dir='ltr'><strong>ea</strong></span> <span class='ocrx_word' id='word_1_240' title='bbox 1018 2991 1100 3053; x_wconf 90' lang='lat' dir='ltr'><strong>quae</strong></span> <span class='ocrx_word' id='word_1_241' title='bbox 1129 2986 1287 3053; x_wconf 87' lang='lat' dir='ltr'><strong>proxumo</strong></span> 
     </span>
     <span class='ocr_line' id='line_1_28' title="bbox 164 3067 436 3151; baseline 0.007 -20"><span class='ocrx_word' id='word_1_242' title='bbox 164 3090 249 3132; x_wconf 88' lang='lat' dir='ltr'><strong>anno</strong></span> <span class='ocrx_word' id='word_1_243' title='bbox 270 3067 436 3151; x_wconf 89' lang='lat' dir='ltr'><strong>quieverit.</strong></span> 
     </span>
    </p>
   </div>
   <div class='ocr_carea' id='block_1_3' title="bbox 163 3235 1290 4318">
    <p class='ocr_par' dir='ltr' id='par_1_5' title="bbox 164 3235 1286 3373">
     <span class='ocr_line' id='line_1_29' title="bbox 164 3235 1286 3309; baseline 0.004 -22"><span class='ocrx_word' id='word_1_244' title='bbox 164 3237 213 3297; x_wconf 82' lang='lat' dir='ltr'><strong>sed,</strong></span> <span class='ocrx_word' id='word_1_245' title='bbox 225 3235 275 3304; x_wconf 76' lang='grc' dir='ltr'><strong>βγ.</strong></span> <span class='ocrx_word' id='word_1_246' title='bbox 296 3242 398 3292; x_wconf 89' lang='lat' dir='ltr'><strong>Primae</strong></span> <span class='ocrx_word' id='word_1_247' title='bbox 409 3244 478 3293; x_wconf 85' lang='lat' dir='ltr'><strong>vocis</strong></span> <span class='ocrx_word' id='word_1_248' title='bbox 490 3259 506 3292; x_wconf 93' lang='lat' dir='ltr'><strong>a</strong></span> <span class='ocrx_word' id='word_1_249' title='bbox 517 3245 592 3294; x_wconf 89' lang='lat' dir='ltr'><strong>nobis</strong></span> <span class='ocrx_word' id='word_1_250' title='bbox 603 3246 733 3294; x_wconf 84' lang='lat' dir='ltr'><strong>restitutae</strong></span> <span class='ocrx_word' id='word_1_251' title='bbox 746 3245 846 3295; x_wconf 84' lang='lat' dir='ltr'><strong>litterae</strong></span> <span class='ocrx_word' id='word_1_252' title='bbox 857 3246 992 3309; x_wconf 87' lang='lat' dir='ltr'><strong>absorptae</strong></span> <span class='ocrx_word' id='word_1_253' title='bbox 1005 3253 1064 3296; x_wconf 88' lang='lat' dir='ltr'><strong>sunt</strong></span> <span class='ocrx_word' id='word_1_254' title='bbox 1075 3245 1173 3295; x_wconf 84' lang='lat' dir='ltr'><strong>ultimis</strong></span> <span class='ocrx_word' id='word_1_255' title='bbox 1185 3255 1286 3308; x_wconf 83' lang='lat' dir='ltr'><strong>praece·</strong></span> 
     </span>
     <span class='ocr_line' id='line_1_30' title="bbox 166 3307 837 3373; baseline 0.013 -19"><span class='ocrx_word' id='word_1_256' title='bbox 166 3307 256 3356; x_wconf 83' lang='lat' dir='ltr'><strong>dentis.</strong></span> <span class='ocrx_word' id='word_1_257' title='bbox 275 3348 306 3357; x_wconf 83' lang='lat'><strong>..</strong></span> <span class='ocrx_word' id='word_1_258' title='bbox 321 3309 406 3373; x_wconf 79' lang='lat' dir='ltr'><strong>priori,</strong></span> <span class='ocrx_word' id='word_1_259' title='bbox 419 3312 502 3360; x_wconf 88' lang='lat' dir='ltr'><strong>omitt.</strong></span> <span class='ocrx_word' id='word_1_260' title='bbox 515 3314 559 3362; x_wconf 88' lang='lat' dir='ltr'><strong>ad.</strong></span> <span class='ocrx_word' id='word_1_261' title='bbox 579 3352 610 3360; x_wconf 83' lang='grc'><strong>-</strong></span> <span class='ocrx_word' id='word_1_262' title='bbox 629 3309 731 3359; x_wconf 78' lang='lat' dir='ltr'><strong>dirimas</strong></span> <span class='ocrx_word' id='word_1_263' title='bbox 745 3315 784 3372; x_wconf 82' lang='lat'><strong>17,</strong></span> <span class='ocrx_word' id='word_1_264' title='bbox 798 3319 837 3363; x_wconf 85' lang='grc'><strong>56.</strong></span> 
     </span>
    </p>

    <p class='ocr_par' dir='ltr' id='par_1_6' title="bbox 163 3372 1287 3561">
     <span class='ocr_line' id='line_1_31' title="bbox 228 3372 1286 3442; baseline 0.002 -19"><span class='ocrx_word' id='word_1_265' title='bbox 228 3380 284 3425; x_wconf 87' lang='grc'><strong>188.</strong></span> <span class='ocrx_word' id='word_1_266' title='bbox 327 3376 452 3437; x_wconf 68' lang='lat' dir='ltr'><strong>armabas,</strong></span> <span class='ocrx_word' id='word_1_267' title='bbox 464 3394 488 3427; x_wconf 89' lang='lat' dir='ltr'><strong>a.</strong></span> <span class='ocrx_word' id='word_1_268' title='bbox 507 3419 538 3426; x_wconf 89' lang='lat'><strong>..</strong></span> <span class='ocrx_word' id='word_1_269' title='bbox 556 3394 652 3441; x_wconf 72' lang='lat' dir='ltr'><strong>mayoc,</strong></span> <span class='ocrx_word' id='word_1_270' title='bbox 668 3372 767 3429; x_wconf 77' lang='lat' dir='ltr'><strong>OTad.</strong></span> <span class='ocrx_word' id='word_1_271' title='bbox 787 3420 818 3429; x_wconf 83' lang='grc'><strong>-</strong></span> <span class='ocrx_word' id='word_1_272' title='bbox 836 3378 919 3439; x_wconf 82' lang='lat' dir='ltr'><strong>sedet,</strong></span> <span class='ocrx_word' id='word_1_273' title='bbox 932 3374 1033 3430; x_wconf 76' lang='lat' dir='ltr'><strong>OTad.</strong></span> <span class='ocrx_word' id='word_1_274' title='bbox 1050 3377 1100 3440; x_wconf 83' lang='lat' dir='ltr'><strong>sed,</strong></span> <span class='ocrx_word' id='word_1_275' title='bbox 1112 3373 1163 3442; x_wconf 76' lang='grc' dir='ltr'><strong>βγ.</strong></span> <span class='ocrx_word' id='word_1_276' title='bbox 1183 3418 1215 3427; x_wconf 89' lang='grc'><strong>..</strong></span> <span class='ocrx_word' id='word_1_277' title='bbox 1237 3375 1286 3425; x_wconf 78' lang='lat' dir='ltr'><strong>die·</strong></span> 
     </span>
     <span class='ocr_line' id='line_1_32' title="bbox 163 3442 1287 3559; baseline 0.004 -71"><span class='ocrx_word' id='word_1_278' title='bbox 163 3449 296 3559; x_wconf 56' lang='grc' dir='ltr'><strong>ρωιειιίιιᾶἰΙ</strong></span> <span class='ocrx_word' id='word_1_279' title='bbox 324 3445 398 3494; x_wconf 82' lang='lat' dir='ltr'><strong>Tad.</strong></span> <span class='ocrx_word' id='word_1_280' title='bbox 427 3442 584 3508; x_wconf 54' lang='lat' dir='ltr'><strong>depreeatur,</strong></span> <span class='ocrx_word' id='word_1_281' title='bbox 594 3442 624 3506; x_wconf 79' lang='grc' dir='ltr'><strong>β.</strong></span> <span class='ocrx_word' id='word_1_282' title='bbox 649 3487 679 3495; x_wconf 86' lang='grc'>-</span> <span class='ocrx_word' id='word_1_283' title='bbox 700 3445 844 3509; x_wconf 74' lang='lat' dir='ltr'><strong>prepnandi,</strong></span> <span class='ocrx_word' id='word_1_284' title='bbox 857 3462 881 3496; x_wconf 88' lang='lat' dir='ltr'><strong>a.</strong></span> <span class='ocrx_word' id='word_1_285' title='bbox 900 3444 1055 3510; x_wconf 62' lang='lat' dir='ltr'><strong>maana,</strong></span> <span class='ocrx_word' id='word_1_286' title='bbox 1068 3447 1093 3496; x_wconf 87' lang='lat' dir='ltr'><strong>d.</strong></span> <span class='ocrx_word' id='word_1_287' title='bbox 1116 3486 1148 3495; x_wconf 90' lang='lat'><strong>..</strong></span> <span class='ocrx_word' id='word_1_288' title='bbox 1171 3442 1287 3506; x_wconf 73' lang='lat' dir='ltr'><strong>subditura,</strong></span> 
     </span>
     <span class='ocr_line' id='line_1_33' title="bbox 166 3525 349 3561; baseline 0.022 -4"><span class='ocrx_word' id='word_1_289' title='bbox 166 3525 189 3557; x_wconf 92' lang='lat' dir='ltr'><strong>a.</strong></span> <span class='ocrx_word' id='word_1_290' title='bbox 209 3550 239 3558; x_wconf 85' lang='grc'>-</span> <span class='ocrx_word' id='word_1_291' title='bbox 286 3526 307 3559; x_wconf 81' lang='lat' dir='ltr'><strong>ts</strong></span> <span class='ocrx_word' id='word_1_292' title='bbox 326 3528 349 3561; x_wconf 87' lang='lat' dir='ltr'><strong>a.</strong></span> 
     </span>
    </p>

    <p class='ocr_par' dir='ltr' id='par_1_7' title="bbox 166 3548 1287 3712">
     <span class='ocr_line' id='line_1_34' title="bbox 200 3548 1287 3644; baseline 0.004 -20"><span class='ocrx_word' id='word_1_293' title='bbox 200 3579 286 3640; x_wconf 80' lang='lat'>§189.</span> <span class='ocrx_word' id='word_1_294' title='bbox 307 3548 483 3638; x_wconf 56' lang='lat' dir='ltr'><strong>’emundantem</strong></span> <span class='ocrx_word' id='word_1_295' title='bbox 495 3595 518 3629; x_wconf 92' lang='lat' dir='ltr'><strong>a.</strong></span> <span class='ocrx_word' id='word_1_296' title='bbox 538 3621 569 3630; x_wconf 89' lang='lat'><strong>..</strong></span> <span class='ocrx_word' id='word_1_297' title='bbox 593 3580 670 3644; x_wconf 60' lang='lat' dir='ltr'><strong>bfferu</strong></span> <span class='ocrx_word' id='word_1_298' title='bbox 682 3580 735 3641; x_wconf 83' lang='lat' dir='ltr'><strong>vite,</strong></span> <span class='ocrx_word' id='word_1_299' title='bbox 751 3573 851 3630; x_wconf 76' lang='lat' dir='ltr'><strong>OTad.</strong></span> <span class='ocrx_word' id='word_1_300' title='bbox 874 3580 974 3641; x_wconf 82' lang='lat' dir='ltr'><strong>biferam</strong></span> <span class='ocrx_word' id='word_1_301' title='bbox 985 3581 1061 3642; x_wconf 78' lang='lat' dir='ltr'><strong>eitam,</strong></span> <span class='ocrx_word' id='word_1_302' title='bbox 1072 3577 1101 3643; x_wconf 84' lang='grc' dir='ltr'><em>β</em></span> <span class='ocrx_word' id='word_1_303' title='bbox 1124 3620 1156 3630; x_wconf 93' lang='lat'><strong>..</strong></span> <span class='ocrx_word' id='word_1_304' title='bbox 1179 3586 1287 3644; x_wconf 74' lang='lat' dir='ltr'><strong>pereant,</strong></span> 
     </span>
     <span class='ocr_line' id='line_1_35' title="bbox 166 3643 1185 3712; baseline 0.004 -18"><span class='ocrx_word' id='word_1_305' title='bbox 166 3647 190 3694; x_wconf 87' lang='lat' dir='ltr'><strong>d.</strong></span> <span class='ocrx_word' id='word_1_306' title='bbox 206 3653 298 3707; x_wconf 81' lang='lat' dir='ltr'><strong>pereat,</strong></span> <span class='ocrx_word' id='word_1_307' title='bbox 311 3663 334 3695; x_wconf 89' lang='lat' dir='ltr'><strong>a.</strong></span> <span class='ocrx_word' id='word_1_308' title='bbox 349 3655 456 3709; x_wconf 82' lang='lat' dir='ltr'><strong>pereant,</strong></span> <span class='ocrx_word' id='word_1_309' title='bbox 468 3643 518 3711; x_wconf 76' lang='grc' dir='ltr'><strong>βγ.</strong></span> <span class='ocrx_word' id='word_1_310' title='bbox 539 3689 568 3696; x_wconf 87' lang='grc'>-</span> <span class='ocrx_word' id='word_1_311' title='bbox 587 3649 611 3696; x_wconf 78' lang='lat' dir='ltr'><strong>si</strong></span> <span class='ocrx_word' id='word_1_312' title='bbox 620 3655 706 3709; x_wconf 73' lang='lat' dir='ltr'><strong>raetica</strong></span> <span class='ocrx_word' id='word_1_313' title='bbox 720 3665 742 3698; x_wconf 78' lang='lat' dir='ltr'><strong>a</strong></span> <span class='ocrx_word' id='word_1_314' title='bbox 760 3647 872 3708; x_wconf 70' lang='lat' dir='ltr'><strong>stricta,</strong></span> <span class='ocrx_word' id='word_1_315' title='bbox 885 3650 909 3698; x_wconf 92' lang='lat' dir='ltr'><strong>d.</strong></span> <span class='ocrx_word' id='word_1_316' title='bbox 929 3689 960 3698; x_wconf 72' lang='grc'><strong>.,</strong></span> <span class='ocrx_word' id='word_1_317' title='bbox 977 3664 1141 3712; x_wconf 74' lang='lat' dir='ltr'><strong>praearmare,</strong></span> <span class='ocrx_word' id='word_1_318' title='bbox 1153 3648 1185 3698; x_wconf 86' lang='lat' dir='ltr'><strong>K.</strong></span> 
     </span>
    </p>

    <p class='ocr_par' dir='ltr' id='par_1_8' title="bbox 200 3710 1287 3780">
     <span class='ocr_line' id='line_1_36' title="bbox 200 3710 1287 3780; baseline 0.001 -19"><span class='ocrx_word' id='word_1_319' title='bbox 200 3710 215 3771; x_wconf 69' lang='grc' dir='ltr'><strong>ξ</strong></span> <span class='ocrx_word' id='word_1_320' title='bbox 231 3717 287 3762; x_wconf 85' lang='grc'><strong>190.</strong></span> <span class='ocrx_word' id='word_1_321' title='bbox 309 3712 379 3776; x_wconf 75' lang='lat' dir='ltr'><strong>Orpc,</strong></span> <span class='ocrx_word' id='word_1_322' title='bbox 392 3729 415 3762; x_wconf 88' lang='lat' dir='ltr'><strong>a.</strong></span> <span class='ocrx_word' id='word_1_323' title='bbox 429 3755 460 3764; x_wconf 82' lang='grc'><strong>..</strong></span> <span class='ocrx_word' id='word_1_324' title='bbox 479 3714 660 3775; x_wconf 75' lang='lat' dir='ltr'><strong>nemiaa&#39;l&#39;ad.</strong></span> <span class='ocrx_word' id='word_1_325' title='bbox 678 3715 769 3763; x_wconf 73' lang='lat' dir='ltr'><strong>comitae</strong></span> <span class='ocrx_word' id='word_1_326' title='bbox 777 3711 879 3780; x_wconf 69' lang='lat' dir='ltr'><strong>estssy.</strong></span> <span class='ocrx_word' id='word_1_327' title='bbox 893 3757 924 3764; x_wconf 84' lang='lat'><strong>-</strong></span> <span class='ocrx_word' id='word_1_328' title='bbox 943 3718 1053 3775; x_wconf 83' lang='lat' dir='ltr'><strong>bobus‚d.</strong></span> <span class='ocrx_word' id='word_1_329' title='bbox 1068 3756 1099 3765; x_wconf 76' lang='grc'><strong>..</strong></span> <span class='ocrx_word' id='word_1_330' title='bbox 1118 3713 1287 3778; x_wconf 59' lang='lat' dir='ltr'><strong>aquaead</strong></span> 
     </span>
    </p>

    <p class='ocr_par' dir='ltr' id='par_1_9' title="bbox 167 3778 1290 4318">
     <span class='ocr_line' id='line_1_37' title="bbox 200 3778 1287 3843; baseline -0.003 -13"><span class='ocrx_word' id='word_1_331' title='bbox 200 3783 286 3842; x_wconf 76' lang='lat' dir='ltr'><strong>§19L</strong></span> <span class='ocrx_word' id='word_1_332' title='bbox 315 3789 438 3840; x_wconf 64' lang='lat' dir='ltr'><strong>tenerae.</strong></span> <span class='ocrx_word' id='word_1_333' title='bbox 464 3783 524 3831; x_wconf 88' lang='lat' dir='ltr'><strong>Vid.</strong></span> <span class='ocrx_word' id='word_1_334' title='bbox 540 3787 578 3843; x_wconf 86' lang='grc'><strong>17,</strong></span> <span class='ocrx_word' id='word_1_335' title='bbox 591 3789 631 3833; x_wconf 82' lang='grc'><strong>36.</strong></span> <span class='ocrx_word' id='word_1_336' title='bbox 650 3823 681 3832; x_wconf 87' lang='lat'><strong>..</strong></span> <span class='ocrx_word' id='word_1_337' title='bbox 704 3781 812 3843; x_wconf 80' lang='lat' dir='ltr'><strong>sublecta,</strong></span> <span class='ocrx_word' id='word_1_338' title='bbox 826 3778 854 3831; x_wconf 87' lang='grc' dir='ltr'><strong>θ.</strong></span> <span class='ocrx_word' id='word_1_339' title='bbox 874 3823 905 3832; x_wconf 77' lang='grc'><strong>-</strong></span> <span class='ocrx_word' id='word_1_340' title='bbox 923 3784 972 3832; x_wconf 81' lang='lat' dir='ltr'><strong>seri</strong></span> <span class='ocrx_word' id='word_1_341' title='bbox 982 3783 1079 3843; x_wconf 82' lang='lat' dir='ltr'><strong>milium,</strong></span> <span class='ocrx_word' id='word_1_342' title='bbox 1091 3799 1114 3832; x_wconf 91' lang='lat' dir='ltr'><strong>a.</strong></span> <span class='ocrx_word' id='word_1_343' title='bbox 1132 3780 1221 3830; x_wconf 82' lang='lat' dir='ltr'><strong>milium</strong></span> <span class='ocrx_word' id='word_1_344' title='bbox 1232 3778 1287 3842; x_wconf 79' lang='lat' dir='ltr'><strong>seri,</strong></span> 
     </span>
     <span class='ocr_line' id='line_1_38' title="bbox 167 3843 1287 3930; baseline 0.001 -34"><span class='ocrx_word' id='word_1_345' title='bbox 167 3843 240 3910; x_wconf 73' lang='grc' dir='ltr'>(Ιβγ.</span> <span class='ocrx_word' id='word_1_346' title='bbox 261 3887 291 3896; x_wconf 86' lang='grc'><strong>..</strong></span> <span class='ocrx_word' id='word_1_347' title='bbox 314 3851 488 3911; x_wconf 84' lang='lat' dir='ltr'><strong>rapo,Tadr.</strong></span> <span class='ocrx_word' id='word_1_348' title='bbox 512 3849 642 3913; x_wconf 80' lang='lat' dir='ltr'><strong>raphanus,</strong></span> <span class='ocrx_word' id='word_1_349' title='bbox 655 3846 683 3910; x_wconf 77' lang='grc' dir='ltr'><strong>β.</strong></span> <span class='ocrx_word' id='word_1_350' title='bbox 704 3892 734 3930; x_wconf 72' lang='lat' dir='ltr'><strong>T·</strong></span> <span class='ocrx_word' id='word_1_351' title='bbox 757 3848 873 3907; x_wconf 61' lang='lat' dir='ltr'><strong>sublectae,</strong></span> <span class='ocrx_word' id='word_1_352' title='bbox 890 3843 918 3900; x_wconf 83' lang='grc' dir='ltr'><strong>θ.</strong></span> <span class='ocrx_word' id='word_1_353' title='bbox 942 3893 971 3900; x_wconf 85' lang='grc'>-</span> <span class='ocrx_word' id='word_1_354' title='bbox 1000 3846 1287 3926; x_wconf 55' lang='lat' dir='ltr'><strong>rurscaTadOEigalt</strong></span> 
     </span>
     <span class='ocr_line' id='line_1_39' title="bbox 167 3913 1289 4048; baseline 0.002 -19"><span class='ocrx_word' id='word_1_355' title='bbox 167 3929 209 4030; x_wconf 56' lang='lat' dir='ltr'><strong>ild</strong></span> <span class='ocrx_word' id='word_1_356' title='bbox 217 3913 999 4048; x_wconf 43' lang='lat' dir='ltr'><strong>(Sciddillshsilhiiisiffldbbtfilebiidltiaiiriiasutbiiiudr</strong></span> <span class='ocrx_word' id='word_1_357' title='bbox 1006 3919 1180 4046; x_wconf 47' lang='lat' dir='ltr'><strong>difiit’oidffl</strong></span> <span class='ocrx_word' id='word_1_358' title='bbox 1198 3927 1289 4032; x_wconf 42' lang='lat' dir='ltr'><strong>[aaz</strong></span> 
     </span>
     <span class='ocr_line' id='line_1_40' title="bbox 167 4045 1288 4114; baseline 0.002 -17"><span class='ocrx_word' id='word_1_359' title='bbox 167 4048 235 4110; x_wconf 78' lang='lat' dir='ltr'><strong>exiet,</strong></span> <span class='ocrx_word' id='word_1_360' title='bbox 249 4048 388 4112; x_wconf 88' lang='lat' dir='ltr'><strong>ad(codd.</strong></span> <span class='ocrx_word' id='word_1_361' title='bbox 401 4050 523 4113; x_wconf 83' lang='lat' dir='ltr'><strong>Salmas.)</strong></span> <span class='ocrx_word' id='word_1_362' title='bbox 550 4068 595 4100; x_wconf 83' lang='lat' dir='ltr'><strong>aea</strong></span> <span class='ocrx_word' id='word_1_363' title='bbox 607 4060 686 4112; x_wconf 80' lang='lat' dir='ltr'><strong>cesset,</strong></span> <span class='ocrx_word' id='word_1_364' title='bbox 698 4071 718 4103; x_wconf 89' lang='lat' dir='ltr'><strong>r.</strong></span> <span class='ocrx_word' id='word_1_365' title='bbox 742 4094 772 4102; x_wconf 91' lang='lat'><strong>..</strong></span> <span class='ocrx_word' id='word_1_366' title='bbox 796 4053 886 4114; x_wconf 76' lang='lat' dir='ltr'><strong>Nimis,</strong></span> <span class='ocrx_word' id='word_1_367' title='bbox 901 4047 1017 4105; x_wconf 73' lang='lat' dir='ltr'><strong>OTadr.</strong></span> <span class='ocrx_word' id='word_1_368' title='bbox 1041 4045 1288 4112; x_wconf 54' lang='lat' dir='ltr'><strong>Necnonmiaasffl.</strong></span> 
     </span>
     <span class='ocr_line' id='line_1_41' title="bbox 168 4111 1290 4185; baseline 0 -20"><span class='ocrx_word' id='word_1_369' title='bbox 168 4157 198 4165; x_wconf 86' lang='lat'><strong>..</strong></span> <span class='ocrx_word' id='word_1_370' title='bbox 216 4125 307 4179; x_wconf 84' lang='lat' dir='ltr'><strong>potest,·</strong></span> <span class='ocrx_word' id='word_1_371' title='bbox 319 4119 354 4166; x_wconf 82' lang='lat' dir='ltr'><strong>ita</strong></span> <span class='ocrx_word' id='word_1_372' title='bbox 358 4117 394 4179; x_wconf 86' lang='lat' dir='ltr'><strong>fit</strong></span> <span class='ocrx_word' id='word_1_373' title='bbox 405 4126 438 4176; x_wconf 84' lang='lat' dir='ltr'><strong>ut,</strong></span> <span class='ocrx_word' id='word_1_374' title='bbox 454 4111 482 4166; x_wconf 84' lang='grc' dir='ltr'><strong>θ.</strong></span> <span class='ocrx_word' id='word_1_375' title='bbox 498 4125 575 4180; x_wconf 78' lang='lat' dir='ltr'><strong>potest</strong></span> <span class='ocrx_word' id='word_1_376' title='bbox 585 4120 669 4182; x_wconf 75' lang='lat' dir='ltr'><strong>itoszt,</strong></span> <span class='ocrx_word' id='word_1_377' title='bbox 681 4123 725 4170; x_wconf 89' lang='lat' dir='ltr'><strong>ad.</strong></span> <span class='ocrx_word' id='word_1_378' title='bbox 740 4129 818 4184; x_wconf 79' lang='lat' dir='ltr'><strong>potest</strong></span> <span class='ocrx_word' id='word_1_379' title='bbox 829 4121 872 4181; x_wconf 82' lang='lat' dir='ltr'><strong>ita,</strong></span> <span class='ocrx_word' id='word_1_380' title='bbox 883 4121 912 4181; x_wconf 74' lang='grc' dir='ltr'><strong>εἰ,</strong></span> <span class='ocrx_word' id='word_1_381' title='bbox 924 4116 974 4185; x_wconf 65' lang='lat' dir='ltr'><strong>fir.</strong></span> <span class='ocrx_word' id='word_1_382' title='bbox 993 4162 1025 4169; x_wconf 82' lang='grc'>-</span> <span class='ocrx_word' id='word_1_383' title='bbox 1048 4116 1157 4180; x_wconf 83' lang='lat' dir='ltr'><strong>sublecta,</strong></span> <span class='ocrx_word' id='word_1_384' title='bbox 1170 4112 1198 4167; x_wconf 84' lang='grc' dir='ltr'><strong>θ.</strong></span> <span class='ocrx_word' id='word_1_385' title='bbox 1217 4159 1248 4167; x_wconf 80' lang='grc'>-</span> <span class='ocrx_word' id='word_1_386' title='bbox 1266 4125 1290 4166; x_wconf 82' lang='lat' dir='ltr'><strong>et</strong></span> 
     </span>
     <span class='ocr_line' id='line_1_42' title="bbox 167 4179 1288 4252; baseline 0.003 -21"><span class='ocrx_word' id='word_1_387' title='bbox 167 4199 263 4246; x_wconf 81' lang='lat' dir='ltr'><strong>aarum,</strong></span> <span class='ocrx_word' id='word_1_388' title='bbox 276 4200 298 4235; x_wconf 90' lang='lat' dir='ltr'><strong>a.</strong></span> <span class='ocrx_word' id='word_1_389' title='bbox 322 4185 522 4245; x_wconf 83' lang='lat' dir='ltr'><strong>etiamnum‚Td.</strong></span> <span class='ocrx_word' id='word_1_390' title='bbox 541 4226 571 4236; x_wconf 93' lang='lat'><strong>..</strong></span> <span class='ocrx_word' id='word_1_391' title='bbox 595 4186 815 4249; x_wconf 51' lang='lat' dir='ltr'><strong>seuquidamffid.</strong></span> <span class='ocrx_word' id='word_1_392' title='bbox 838 4187 887 4236; x_wconf 82' lang='lat' dir='ltr'><strong>seri</strong></span> <span class='ocrx_word' id='word_1_393' title='bbox 897 4186 998 4251; x_wconf 80' lang='lat' dir='ltr'><strong>quidem,</strong></span> <span class='ocrx_word' id='word_1_394' title='bbox 1014 4180 1042 4238; x_wconf 80' lang='grc' dir='ltr'><strong>Θ.</strong></span> <span class='ocrx_word' id='word_1_395' title='bbox 1061 4183 1225 4250; x_wconf 76' lang='lat' dir='ltr'><strong>qaidamreri,</strong></span> <span class='ocrx_word' id='word_1_396' title='bbox 1235 4179 1288 4252; x_wconf 77' lang='grc' dir='ltr'><strong>βγ.</strong></span> 
     </span>
     <span class='ocr_line' id='line_1_43' title="bbox 168 4251 826 4318; baseline 0.008 -18"><span class='ocrx_word' id='word_1_397' title='bbox 168 4292 199 4300; x_wconf 85' lang='grc'><strong>..</strong></span> <span class='ocrx_word' id='word_1_398' title='bbox 219 4251 365 4315; x_wconf 70' lang='lat' dir='ltr'><strong>incoquere,</strong></span> <span class='ocrx_word' id='word_1_399' title='bbox 379 4253 402 4302; x_wconf 89' lang='lat' dir='ltr'><strong>d.</strong></span> <span class='ocrx_word' id='word_1_400' title='bbox 420 4252 470 4302; x_wconf 79' lang='lat' dir='ltr'><strong>siae</strong></span> <span class='ocrx_word' id='word_1_401' title='bbox 483 4268 555 4316; x_wconf 84' lang='lat' dir='ltr'><strong>aqua,</strong></span> <span class='ocrx_word' id='word_1_402' title='bbox 568 4269 591 4302; x_wconf 90' lang='lat' dir='ltr'><strong>a.</strong></span> <span class='ocrx_word' id='word_1_403' title='bbox 611 4294 641 4302; x_wconf 83' lang='grc'><strong>-</strong></span> <span class='ocrx_word' id='word_1_404' title='bbox 660 4254 790 4318; x_wconf 69' lang='lat' dir='ltr'><strong>quaeerit,</strong></span> <span class='ocrx_word' id='word_1_405' title='bbox 803 4271 826 4305; x_wconf 88' lang='lat' dir='ltr'><strong>a.</strong></span> 
     </span>
    </p>
   </div>
   <div class='ocr_carea' id='block_1_4' title="bbox 0 0 1466 4792">
    <p class='ocr_par' dir='ltr' id='par_1_10' title="bbox 0 0 1466 4792">
     <span class='ocr_line' id='line_1_44' title="bbox 0 0 1466 4792; baseline 0 0"><span class='ocrx_word' id='word_1_406' title='bbox 0 0 1466 4792; x_wconf 95' lang='lat' dir='ltr'><strong> </strong></span> 
     </span>
    </p>
   </div>
  </div>
 </body>
</html>
