2896 4792
459 286 529 335 ma.
544 287 618 334 xm.
648 287 726 334 car.
744 288 776 334 a.
808 286 904 335 sacr.
923 274 958 330 rs?
968 289 997 332 19.
1243 271 1281 335 13

163 459 224 503 uec
245 434 416 502 carbonem
437 437 524 516 facit,
547 458 607 503 nec
629 436 691 502 alio
713 436 808 501 modo
825 437 911 523 ignis
925 437 958 502 vi
973 438 1170 502 consumitur
1184 459 1281 521 quam

162 537 296 622 lapides.
320 535 440 604 Omnia
461 559 499 604 ea
518 546 676 623 perpetuo
697 537 802 602 virent
822 560 883 604 rrec
903 537 996 603 facile
1012 537 1234 603 discernuntur
1247 539 1281 605 in

163 639 288 716 fmnde,
311 639 407 704 etiarn
428 660 448 702 a
467 638 595 724 peritis3
618 647 707 702 tanta
729 637 883 702 natalium
905 639 1044 703 mixtura
1064 649 1122 704 est.
1147 637 1215 706 Sed
1228 639 1279 727 pi·
1294 659 1327 704 ss

163 762 220 806 oea
241 739 348 804 minus
375 739 438 803 alta
465 760 561 823 quam
587 738 685 833 larixj
714 737 768 802 illa
796 737 934 803 crassior
960 738 1124 823 leviorque
1151 739 1280 819 cortice,

162 840 237 908 folio
258 839 414 918 villosior,
437 838 587 926 pinguior
609 849 641 904 et
670 837 801 904 densior
826 838 952 905 mollius
977 838 1079 919 flexo,
1111 852 1143 905 at
1170 841 1282 926 piceae

161 941 284 1007 rariora
304 940 499 1024 siccioraque
519 939 596 1005 folia
618 952 650 1004 et
673 939 819 1004 tenuiora
840 962 878 1005 ac
899 940 1004 1027 magis
1026 941 1176 1030 algentia,
1198 953 1280 1008 tota·

162 1064 226 1126 que
240 1040 398 1106 horridior
412 1052 445 1106 et
458 1041 589 1126 perfusa
602 1039 724 1118 resina3
747 1040 873 1126 lignum
894 1040 991 1106 abieti
1013 1041 1157 1107 similius.
1178 1042 1281 1109 Larix

162 1141 244 1207 ustis
265 1141 428 1207 radicibus
448 1163 514 1206 non
535 1139 715 1226 repullulat,
737 1140 831 1227 picea
852 1141 1035 1227 repullulat,
1057 1132 1148 1208 utin
1169 1143 1280 1210 Lesbo

161 1241 278 1308 accidit
305 1241 435 1308 incenso
459 1262 589 1308 nemore
614 1240 767 1325 Pyrraeo.
804 1241 880 1306 Alia
907 1242 1080 1307 etiamnum
1109 1244 1281 1330 generibus
1293 1259 1325 1308 47

161 1343 241 1429 ipsis
261 1342 297 1407 in
319 1366 400 1408 sexu
421 1341 614 1418 differentia3
637 1364 705 1407 mas
725 1342 854 1408 brevior
875 1353 908 1409 et
929 1342 1050 1422 durior,
1071 1342 1189 1409 semina
1203 1367 1280 1431 pro·

162 1444 273 1523 uerior,
296 1443 522 1533 pinguioribus
543 1443 627 1508 foliis
642 1454 675 1508 et
688 1442 888 1529 simplicibus
902 1453 998 1526 atque
1012 1465 1078 1509 non
1091 1443 1281 1530 rigentibus.

121 1579 127 1591 ·
161 1545 305 1632 Lignum
333 1544 476 1609 maribus
503 1544 619 1608 durum
646 1554 677 1608 et
704 1544 739 1608 in
763 1542 869 1608 fabrili
895 1564 993 1629 opere
1020 1554 1209 1622 contortum,
1231 1544 1281 1611 fe·
1368 1600 1382 1623 ,

151 1648 268 1713 'minae
290 1646 427 1724 mollius,
448 1644 578 1732 publico
599 1644 782 1710 discrimine
803 1644 838 1708 irr
860 1643 1026 1710 securibus
1032 1669 1042 1721 ;
1064 1644 1125 1710 hae
1145 1645 1179 1709 in
1199 1668 1280 1731 quo-

162 1769 296 1832 cumque
318 1769 436 1834 genere
458 1745 702 1842 deprehendunt
723 1767 863 1821 marem3
891 1744 1011 1831 quippe
1033 1758 1229 1832 respuuntur
1250 1757 1282 1814 ct

161 1847 321 1936 fragosius
344 1848 463 1926 sidunt,
486 1847 615 1932 aegrius
636 1845 832 1912 revelluntur
838 1871 847 1922 3
871 1846 942 1932 ipsa
963 1847 1110 1913 materies
1124 1848 1281 1914 retorrida

162 1959 196 2014 et
216 1948 339 2035 nigrior
359 1946 502 2013 maribus
522 1946 626 2011 radix.
649 1943 745 2013 Circa
766 1946 860 2011 Idam
880 1947 914 2010 in
931 1947 1057 2013 Troade
1080 1957 1111 2011 et
1132 1947 1193 2013 alia
1214 1949 1279 2015 dif-
1292 1965 1325 2011 ss

161 2050 294 2115 ferentia
314 2059 482 2114 montanae
503 2043 759 2132 maritimaeque3
788 2069 862 2112 nam
888 2046 923 2111 in
944 2046 1136 2113 Macedonia
1158 2058 1190 2114 et
1211 2049 1279 2114 Ar·

162 2150 254 2216 cadis
284 2151 431 2234 uncaque
453 2148 540 2213 Elim
567 2158 751 2235 permutant
773 2148 902 2214 nomina
929 2169 989 2214 nec
1017 2158 1143 2214 constat
1170 2160 1280 2216 aueto-

161 2250 261 2330 ribus,
284 2251 370 2336 quod
392 2249 507 2333 cuique
530 2249 638 2336 generi
660 2248 851 2326 attribuant3
879 2271 938 2314 nos
965 2249 1025 2314 ista
1047 2248 1193 2316 Romano
1212 2252 1280 2319 dis-

161 2350 476 2418 cemimusiudicio.
513 2349 616 2416 Abies
637 2373 655 2414 e
678 2351 800 2415 cunctis
822 2349 1018 2437 amplissima
1039 2362 1089 2417 est
1110 2362 1143 2417 et
1162 2353 1280 2419 femina

163 2453 260 2519 etiam
286 2454 451 2540 prolixior,
478 2452 608 2517 materie
633 2451 961 2537 molliorutiliorque,
987 2452 1084 2518 arbor
1104 2455 1279 2534 rotundior,

161 2552 237 2618 folio
258 2553 390 2641 pinnato
412 2553 512 2620 densa
532 2562 569 2617 ut
589 2551 701 2617 imbris
722 2574 786 2618 non
809 2553 1015 2631 transmittat,
1037 2564 1132 2637 atque
1150 2554 1279 2619 hilarior

162 2652 196 2715 in
218 2663 328 2719 totum.
361 2654 391 2718 Ε
419 2653 517 2719 ramis
543 2672 696 2739 generum
723 2653 837 2717 horum
858 2653 1079 2736 panicularum
1100 2654 1195 2718 modo
1216 2678 1278 2721 nu·
1291 2669 1324 2715 sa

79 2745 88 2752 ”
162 2765 307 2820 camenta
329 2753 518 2840 squamatim
545 2764 702 2838 conpacta
723 2754 907 2839 dependent
927 2765 1150 2840 praeterquam
1172 2755 1277 2836 larici3

161 2855 242 2920 haec
263 2854 390 2921 abietis.
400 2855 559 2921 masculae
573 2854 707 2941 primori
720 2864 812 2940 parts
826 2855 959 2921 nucleos
973 2855 1101 2933 habent,
1122 2878 1185 2920 non
1199 2856 1278 2923 item

194 3010 262 3070 544.
284 3013 407 3075 potions.
422 3010 598 3077 parciorady.
617 3052 647 3061 -
667 3009 831 3075 liquidiorque,
843 3028 865 3062 a.
890 3011 1125 3076 Equidioroquadr.
1144 3053 1174 3061 -
1197 3027 1277 3076 quum,

161 3080 204 3127 ad.
223 3094 294 3141 quam
306 3078 338 3139 ia,
349 3093 375 3142 r.
394 3120 424 3129 -
445 3077 538 3128 lumina
549 3094 668 3144 agrorum,
680 3081 725 3129 ad.

195 3165 259 3226 545.
286 3161 432 3224 inmodicum,
444 3178 467 3217 a.
486 3204 518 3213 -
535 3161 632 3226 crepitat,
645 3163 704 3212 adl.
722 3160 846 3227 mcpiusue,
859 3163 896 3212 (1².
916 3203 946 3212 -
965 3160 1152 3226 ramlanmrqac,
1164 3166 1209 3215 ad.
1227 3163 1277 3214 eic-

160 3228 321 3293 culantarque,
332 3226 382 3294 βγ.
400 3271 432 3280 ..
451 3229 520 3279 etiam
533 3228 630 3293 apertis,
642 3232 686 3280 ad.

194 3311 263 3372 §lta
289 3310 382 3361 mollius
388 3313 464 3377 flato,
476 3331 499 3364 a.
525 3311 662 3376 molliorque
664 3309 857 3377 fletaq'l'dssr.
880 3354 912 3362 -
939 3312 1068 3377 copiosas,
1080 3316 1114 3365 D.
1140 3316 1240 3379 cepae,
1250 3317 1276 3367 d.

160 3379 306 3442 acaptare,
318 3396 340 3430 a
354 3421 385 3429 ..
403 3381 513 3445 riganda
524 3381 591 3431 Pint.
604 3421 636 3430 ..
655 3388 769 3443 tortuque,
781 3382 856 3430 codd.
868 3381 979 3431 Barbari.
993 3423 1023 3431 -
1042 3389 1104 3440 eta
1122 3390 1194 3441 estet,
1204 3379 1275 3450 (ἱβγ.

159 3488 192 3499 ⁴..
212 3446 293 3507 abieti,
306 3463 329 3497 a.
353 3446 443 3509 abiatra
457 3443 505 3508 ‹1ss.
524 3489 554 3497 ..
575 3446 646 3510 picea
656 3445 792 3510 repullulat,
803 3449 907 3497 Barbar.
925 3449 1080 3512 eTheophr.
1092 3452 1110 3499 l.
1122 3451 1140 3499 l.
1152 3450 1202 3501 HL
1215 3457 1238 3512 9,
1251 3454 1275 3499 5.

159 3510 245 3580 πεύκη
264 3511 317 3574 μὲν
337 3509 392 3579 γὰρ
409 3512 604 3564 &nazancenus
620 3514 673 3563 τῶν
686 3511 771 3579 ῥιζῶν
788 3511 836 3562 οὐκ
852 3509 1067 3578 ἀναβλαστάνει,
1086 3513 1134 3582 τὴν
1150 3514 1225 3566 πίτυν
1241 3513 1275 3565 δέ

159 3577 232 3644 φασί
240 3596 312 3639 τινες
322 3577 547 3643 ἀναβλαστάνειν,
560 3577 652 3646 ὥσπερ
664 3576 708 3629 καὶ
720 3575 878 3642 εὶςΛέσβον
891 3580 946 3631 κτὲ.
971 3583 1058 3633 Omitt.
1072 3584 1167 3649 Tadr.
1188 3584 1275 3634 Minus

158 3650 223 3698 bene
234 3649 373 3700 Salmasius
385 3654 416 3700 de
428 3651 488 3714 hyle
499 3666 524 3714 p.
538 3656 578 3700 81.
590 3651 615 3699 b.
628 3649 659 3701 G.
672 3647 764 3711 arpino
775 3646 800 3696 in
811 3647 889 3698 Lesbo
900 3646 989 3698 accidit
1000 3652 1113 3701 coniecit.

193 3735 261 3797 §ru
288 3733 426 3794 etiamnunc,
443 3738 488 3785 ad.
510 3733 629 3785 (laterum
643 3748 667 3782 v.
684 3732 816 3796 Theopbr.
832 3734 850 3782 l.
868 3733 885 3782 l.
898 3734 948 3784 111.
961 3739 984 3794 9,
999 3740 1021 3784 1.
1044 3776 1076 3784 -
1103 3734 1185 3784 durior
1193 3731 1274 3796 foliis,
1360 3788 1371 3803 θ

159 3801 227 3850 Pint.
246 3842 276 3850 ..
296 3809 444 3864 respuantur,
457 3805 480 3852 d.
498 3808 618 3864 respuunt,
630 3816 646 3850 a
657 3814 714 3849 cum
726 3801 808 3863 spatio
820 3802 895 3851 nnius
908 3809 953 3852 ant
964 3804 1069 3853 duarum
1081 3804 1228 3852 litterarum.
1241 3840 1273 3850 -

160 3866 301 3929 revelantur,
319 3871 342 3918 d.
361 3910 392 3917 ..
412 3867 492 3930 radix,
504 3870 550 3919 ad.
568 3865 664 3927 radicis,
676 3868 701 3918 D
710 3871 724 3917 '.
733 3866 735 3871 ⁸
743 3865 831 3929 larissa,
842 3869 888 3916 Da
902 3870 959 3920 Om.
970 3871 1039 3920 Pint.

194 3953 261 4016 548.
282 3949 425 4030 differentia,
437 3954 481 4002 ad.
503 3949 538 4030 di·
551 3951 641 4000 nentia
652 3959 694 4013 est,
709 3945 760 4016 βγ.
779 3992 811 4000 -
832 3949 907 4013 Elim,
920 3955 964 4003 ad.
988 3951 1054 4012 Elin,
1066 3947 1117 4015 βγ.
1137 3990 1167 3998 ..
1186 3949 1229 4012 irc,
1241 3953 1273 4003 Τ.

160 4059 191 4066 ..
211 4016 361 4078 decemimus,
373 4019 404 4068 T.
423 4061 453 4068 ..
472 4017 583 4080 moltore,
596 4033 617 4067 a.
631 4018 750 4070 Ceterum
762 4034 785 4068 v.
798 4019 928 4083 Theophr.
941 4021 958 4069 l.
970 4021 988 4068 l.
1003 4018 1051 4067 III.
1065 4023 1088 4078 9,
1102 4024 1125 4068 6.
1145 4058 1175 4067 -
1193 4019 1273 4082 arbor,

73 4158 77 4163 ι
159 4101 198 4135 ar.
216 4086 310 4148 arbore,
324 4083 395 4149 ᾶβγ.
415 4128 445 4134 -
464 4085 488 4134 in
501 4094 582 4147 tatum,
595 4089 638 4136 ad.
656 4085 749 4146 intuitu,
760 4085 793 4135 Κ.
901 4105 903 4108 ·

192 4173 261 4234 §tta
283 4168 451 4234 pinnularum,
463 4185 485 4220 a.
504 4211 535 4220 ...
563 4178 725 4233 auacameata,
741 4171 785 4220 ad.
805 4209 834 4218 ..
863 4166 953 4227 arua,
968 4168 1057 4218 Dalec.
1073 4210 1103 4227 ,..
1134 4168 1221 4233 lacae..
1240 4210 1271 4223 ...

157 4237 265 4301 primori,
277 4239 301 4303 d.
316 4237 398 4302 prima
409 4237 441 4299 iu,
453 4253 476 4286 a.
495 4277 525 4286 ..
544 4234 613 4296 idem,
625 4253 648 4286 a
