2896 4792
339 297 410 344 nra.
425 298 526 344 xvm.
555 296 633 343 car.
650 296 751 343 xxm.
768 297 854 343 xxx.
883 295 982 343 sacr.
998 297 1081 341 carr.
1212 281 1273 345 213

98 484 105 499 .
150 449 192 517 ad
214 469 352 514 messem
366 458 453 512 creta
471 469 679 532 praeparare,
705 444 839 512 Catonis
862 447 1019 512 sententia
1041 468 1171 511 amurca
1193 457 1272 511 tem·
1345 446 1349 453 ’

149 560 305 638 peratum,
328 548 456 634 Vergili
472 546 648 633 operosius.
671 546 796 613 Maiore
818 570 859 612 ex
881 559 974 633 parte
988 558 1127 632 aequant
1149 557 1273 612 tantum

150 662 183 719 st
202 652 279 717 fimo
300 648 422 715 bubulo
445 649 592 715 dilutiore
609 648 757 714 inlinunt.
781 648 819 713 Id
842 648 919 713 satis
941 649 982 712 ad
1004 647 1147 732 pulveris
1169 670 1273 713 reme-

150 754 239 819 dium
260 751 396 816 videtur.

191 853 315 920 XXX.
340 855 390 917 72.
413 850 533 916 Messis
554 851 655 936 ipsius
677 852 758 917 ratio
780 853 879 916 varia.
903 850 1082 917 Galliarum
1097 848 1274 915 latifundiis
1288 869 1335 913 aaa

149 956 223 1023 valli
245 952 464 1043 praegrandes
486 953 636 1018 dentibus
658 954 691 1017 in
718 955 863 1041 margine
892 955 1022 1018 infestis.
1049 952 1175 1018 duabus
1196 950 1274 1016 rotis

149 1080 207 1146 per
228 1067 372 1143 segetem
393 1054 606 1138 inpelluntur,
633 1055 774 1120 iumento
800 1055 834 1118 in
857 1056 1048 1120 contrarium
1070 1055 1197 1132 iuncto;
1230 1053 1276 1117 ita

150 1161 303 1244 dereptae
325 1156 359 1219 in
381 1155 499 1219 vallum
515 1154 633 1219 cadunt
649 1156 767 1240 spicae.
792 1154 938 1241 Stipulae
959 1156 1034 1222 alibi
1049 1155 1173 1222 mediae
1195 1153 1275 1218 falce

150 1260 378 1347 praeciduntur
405 1267 500 1340 atque
529 1256 614 1321 inter
642 1256 722 1320 duas
751 1257 905 1343 mergites
919 1258 1021 1344 :spica
1043 1256 1273 1344 destringitur3

149 1361 226 1428 alibi
253 1360 295 1425 ab
323 1356 432 1422 radice
459 1356 597 1435 vellunt,
631 1357 750 1442 quique
771 1357 805 1421 id
835 1358 958 1423 faciunt
990 1358 1153 1445 proscindi
1176 1356 1217 1421 ab
1240 1378 1276 1421 sc

150 1461 254 1527 obiter
274 1481 388 1546 agrurn
410 1459 680 1544 interpretantur,
713 1481 786 1525 cum
814 1460 983 1525 extrahant
1006 1482 1127 1524 sucum.
1167 1457 1273 1537 Diffe-
1289 1475 1336 1520 aar

149 1564 253 1630 reatia
274 1562 372 1627 haecr
395 1560 451 1626 ubi
473 1560 591 1646 stipula
605 1560 717 1627 domos
733 1571 923 1646 contegunt,
946 1582 1043 1644 quam
1056 1559 1275 1646 longissimam

149 1674 294 1740 servant3
328 1661 384 1728 ubi
413 1662 480 1727 feni
508 1662 617 1747 inopia
646 1673 710 1739 est,
752 1673 924 1728 stramento
953 1663 1078 1750 paleam
1105 1672 1274 1745 quaerunt.

45 1792 52 1805 ¹
148 1765 262 1831 Punici
285 1765 389 1831 culmo
411 1786 475 1830 non
499 1774 630 1849 tegunt,
654 1764 721 1828 mili
744 1764 885 1829 culmum
906 1766 972 1830 fere
994 1765 1142 1842 inurunt,
1164 1760 1276 1828 hordei

150 1867 299 1953 stipulam
319 1865 425 1931 bubus
447 1865 663 1954 gratissimam
686 1877 823 1930 servant.
846 1865 1003 1931 Panicum
1025 1875 1058 1931 et
1071 1865 1193 1930 milium
1208 1864 1274 1929 sin·

149 1968 285 2056 gillatim
311 1967 440 2053 pectine
469 1954 622 2032 manuali
637 1967 749 2052 legunt
779 1964 915 2032 Galliae.
951 1965 1073 2032 Messis
1100 1967 1171 2052 ipsa
1199 1965 1275 2032 alibi
1288 1981 1337 2027 aas

149 2068 276 2135 tribulis
294 2069 328 2134 in
343 2091 431 2148 area,
455 2067 531 2133 alibi
553 2091 708 2153 equarum
731 2069 897 2157 gressibus
920 2070 1085 2147 exteritur,
1109 2068 1185 2134 alibi
1198 2091 1269 2154 per·

149 2171 221 2236 ticis
242 2171 431 2258 flagellatur.
468 2170 626 2236 'lb-iticum
654 2192 719 2255 quo
743 2169 845 2236 serius
867 2170 1015 2248 metitur,
1044 2171 1203 2256 copiosius
1224 2170 1274 2234 in·

148 2273 286 2349 venitur,
309 2292 373 2356 quo
394 2270 527 2337 celerius
546 2293 639 2349 vero,
662 2271 724 2336 hoc
747 2272 924 2357 speciosius
946 2294 985 2338 ae
1005 2272 1178 2338 robustius.
1202 2271 1275 2336 Lex

148 2373 326 2459 aptissima,
349 2381 518 2456 antequam
540 2393 677 2457 granum
698 2371 885 2437 indurescat
907 2384 939 2437 et
960 2396 1033 2437 cum
1053 2374 1116 2437 iam
1140 2372 1276 2438 traxerit

148 2474 296 2550 colorem,
329 2472 492 2538 oraculum
513 2494 589 2536 vero
611 2472 710 2537 biduo
730 2473 863 2538 celerius
882 2496 1020 2539 messem
1040 2474 1145 2539 facere
1165 2476 1274 2559 potins

148 2596 246 2659 quam
274 2572 372 2638 biduo
401 2573 515 2637 serius.
552 2570 699 2658 Siliginis
727 2584 759 2637 et
786 2573 883 2638 tritici
905 2574 1016 2638 eadem
1040 2575 1121 2638 ratio
1142 2575 1176 2637 in
1199 2596 1275 2640 arca

147 2676 335 2759 horreoque.
358 2668 436 2751 Far,
458 2673 535 2756 quia
555 2671 726 2738 difficulter
749 2673 925 2752 excutitur,
949 2674 1096 2738 convenit
1118 2697 1191 2741 eum
1213 2698 1273 2760 pa-

147 2777 198 2843 lea
222 2800 280 2842 sua
301 2774 415 2854 condi,
451 2784 483 2840 et
506 2774 626 2860 stipula
647 2783 770 2838 tantum
793 2783 824 2839 et
846 2773 953 2839 aristis
974 2773 1138 2839 liberatur.
1174 2775 1274 2841 Palea
1288 2785 1336 2831 29⁹

87 2906 90 2911 ·
148 2878 256 2964 plures
281 2877 428 2965 gentium
461 2896 519 2960 pro
547 2875 621 2940 feno
649 2884 798 2950 utuntur;
833 2875 944 2939 melior
970 2898 1022 2953 ea,
1055 2897 1119 2959 quo
1148 2877 1274 2942 tenuior

148 2979 365 3061 minutiorque
388 2989 420 3043 et
442 2976 568 3061 pulveri
590 2978 736 3064 propi0r3
770 2977 843 3042 ideo
866 2987 1037 3063 optumae
1060 2977 1164 3056 milio,
1197 3000 1273 3064 pro·

148 3102 245 3145 xuma
267 3102 308 3144 ex
328 3079 464 3157 hordeo,
491 3077 632 3165 pessima
658 3102 699 3144 ex
727 3078 850 3157 triticO,
878 3091 1103 3164 praeterquam
1124 3080 1285 3147 iumentis.

182 3218 267 3280 §295.
294 3219 441 3282 iterari,ad.
461 3261 492 3268 -
511 3219 557 3279 ubi,
570 3233 594 3266 a.
621 3227 664 3268 aut
678 3218 725 3278 abi,
738 3220 790 3268 Td.
810 3259 841 3268 -
864 3218 989 3280 aestimsa,
1002 3236 1025 3270 a.
1050 3260 1081 3269 ..
1102 3233 1222 3282 parpare3
1238 3218 1275 3268 ita

148 3303 194 3337 nos
206 3288 358 3351 scripsimus.
374 3285 484 3350 percari,
496 3289 534 3335 ad
539 3282 589 3349 βγ.
609 3326 640 3336 -
659 3285 779 3347 hordeum
792 3289 823 3337 T.
843 3327 875 3336 ..
893 3286 934 3349 ad,
947 3288 1028 3337 omitt.
1042 3290 1085 3348 ad,
1098 3288 1166 3335 ande
1179 3285 1204 3334 ia
1215 3301 1274 3334 mea-

147 3370 194 3402 sem
211 3356 347 3419 legendum
359 3363 431 3417 puto.
456 3394 487 3403 -
512 3361 584 3415 creta,
597 3356 621 3403 d.
644 3354 702 3404 Om.
721 3370 744 3403 a.
768 3370 921 3417 praeparare
939 3362 1003 3402 terra
1019 3369 1065 3403 am.
1084 3360 1214 3416 temperata
1227 3350 1273 3405 Oa-

149 3421 208 3471 tom'a
219 3430 287 3483 aaut,
299 3423 366 3472 Pint.
386 3462 417 3470 ..
438 3419 535 3470 Catonia
547 3423 578 3471 de
589 3437 617 3471 re
628 3429 689 3471 rust.
704 3427 760 3471 129.
779 3421 899 3472 Ceterum
914 3419 1010 3470 &wasa
1022 3429 1048 3471 et
1066 3420 1159 3486 Vergili
1169 3421 1275 3471 nomina

149 3492 337 3555 transponenda
353 3498 426 3553 putat
438 3488 557 3540 Schneid.
574 3492 607 3539 ad
619 3488 711 3539 Caton.
728 3492 760 3538 de
776 3503 804 3538 re
820 3497 881 3539 rust.
895 3495 935 3539 91.
947 3505 972 3553 p.
988 3494 1043 3539 141.
1063 3530 1093 3538 ..
1114 3496 1273 3552 temperatam,

149 3559 210 3608 adr.
230 3564 367 3621 temperata,
379 3552 408 3619 β.
427 3596 459 3606 ..
484 3554 578 3620 Vergili
587 3571 674 3620 georg.
689 3560 711 3616 1,
726 3559 782 3606 179.

182 3624 196 3685 ξ
210 3632 267 3676 296.
285 3622 414 3675 cedualam
425 3622 783 3689 praegrande-impellitur-
792 3621 928 3683 cedualam,
939 3624 1029 3674 Daleo.
1044 3665 1076 3673 -
1095 3621 1214 3686 dereptae,
1226 3623 1272 3671 ad.

148 3691 263 3756 direptae,
274 3690 324 3755 βγ.
344 3732 375 3741 ..
394 3690 480 3752 media,
492 3694 565 3743 Tad.
583 3733 615 3741 ..
633 3707 734 3756 maycr,
746 3693 813 3741 Pint.
826 3698 851 3740 et
862 3691 981 3741 Schneid.
993 3693 1028 3741 ad
1038 3692 1113 3741 Varr.
1126 3693 1157 3740 de
1169 3705 1196 3739 re
1208 3697 1271 3740 rust.

147 3759 169 3810 L
183 3766 222 3821 50,
236 3767 259 3810 2.
272 3776 297 3825 p.
310 3766 369 3810 ³60.
389 3800 420 3809 ..
438 3759 506 3822 spica
518 3758 679 3824 destringitur,
691 3761 727 3810 ita
738 3775 786 3808 nos
798 3759 952 3823 scripsimus.
975 3757 1089 3822 spicande
1101 3757 1235 3820 stringitur,
1247 3771 1272 3805 a.

148 3827 215 3890 spica
227 3827 383 3892 distringitur,
395 3821 467 3890 ᾱβγ.
492 3868 523 3877 -
546 3826 611 3890 qaod
621 3826 773 3890 unifarium,
786 3828 818 3876 K.
843 3867 874 3875 -
902 3842 954 3874 cum
966 3825 1205 3885 extrabaataaccum
1218 3838 1272 3874 cor·

148 3904 224 3958 rapta
237 3897 299 3946 dicit
310 3896 395 3946 Hand.
409 3895 519 3945 Tursell.
533 3902 557 3955 4,
569 3901 627 3945 364.

182 3965 267 4027 §297-
293 3962 376 4027 inopia
387 3969 495 4026 eat3pro
508 3962 761 4026 hisvudaatiaopie
774 3978 797 4021 a,
824 3960 905 4025 inopia
922 3963 974 4011 Td.
1001 4002 1031 4010 -
1057 3956 1207 4024 singillatim,
1226 3960 1271 4008 sd.

147 4029 293 4095 eiaculatur,
305 4045 330 4094 γ.
349 4071 381 4079 -
399 4028 498 4091 manati,
511 4032 563 4082 Td.

182 4096 268 4159 §m
297 4106 361 4158 arta,
374 4099 419 4146 ad.
439 4136 469 4146 ..
488 4113 560 4161 qaam
572 4096 648 4159 Mdao,
661 4113 683 4147 a.
703 4096 772 4146 bidae
783 4112 862 4160 qaam,
876 4098 899 4146 d.
919 4136 949 4146 -
968 4094 1063 4155 seritur,
1076 4095 1121 4144 ad.
1141 4132 1172 4142 ..
1191 4090 1272 4142 eadem

148 4164 220 4227 ratio,
231 4167 300 4216 Pint.
318 4165 389 4214 etiam
401 4164 473 4226 ratio,
485 4167 521 4214 ad
551 4179 576 4229 γ.
596 4207 627 4214 -
646 4164 711 4228 quia,
724 4180 747 4214 a.
766 4180 844 4228 quana
857 4165 880 4213 d.

182 4236 268 4297 5299.
295 4249 348 4296 quo,
361 4233 406 4282 ad.
433 4247 501 4295 qaae,
539 4246 565 4296 γ.
589 4273 621 4282 -
645 4231 766 4295 proprior,
779 4247 801 4282 a.
825 4271 856 4281 ..
875 4237 971 4293 optuma
989 4245 1013 4290 03
1031 4229 1274 4292 prohisvvuabcr
1316 4272 1319 4277 .

149 4300 236 4363 optime
248 4318 271 4364 a,
289 4300 379 4365 optima
391 4301 415 4350 d.
