2896 4792
346 300 417 347 nro.
432 299 533 346 xv111.
562 298 642 346 cnr.
656 298 736 345 run.
751 297 826 344 xrv.
856 294 954 344 onor.
969 297 1053 341 nnc.
1196 280 1254 342 171

136 460 299 529 currente,
328 448 697 537 raphonisimilitudine
723 459 756 514 et
780 448 859 514 folio
885 448 1041 534 anguloso
1069 447 1257 530 seabroque,

137 575 216 621 suco
242 551 309 618 acri
334 551 390 636 qui
415 550 502 616 circa
522 572 660 617 messem
686 560 841 635 exceptus
861 549 971 615 oculos
991 560 1109 635 purget
1128 548 1258 613 medea·

138 667 252 739 turque
277 652 425 739 caligini,
449 652 598 718 admixto
622 654 705 718 laete
733 651 914 718 mulierum.
951 649 1089 738 Frigore
1117 649 1259 715 dulciore

136 756 208 823 fieri
221 755 457 821 existumentur
472 763 504 820 et
521 753 711 841 grandiora3
733 765 843 840 tepore
857 753 891 818 in
905 752 983 819 lolia
996 762 1124 818 exeunt
1147 751 1261 816 Palma
1342 771 1345 791 ¹

136 857 172 923 in
192 855 337 923 Nursina
358 878 438 943 egro
458 855 682 932 nascentibus3
712 855 832 921 taxatio
854 856 889 920 in
909 854 1007 920 libras
1029 852 1170 920 sestertii
1190 853 1260 917 sin·

136 959 207 1047 guli
228 966 261 1025 et
279 958 314 1023 in
335 958 490 1044 paenuria
509 956 593 1037 bini,
615 978 771 1043 proxuma
792 957 827 1022 in
847 956 970 1043 Algido
991 956 1086 1020 natis.

180 1058 231 1125 35.
253 1056 341 1145 Napi
363 1081 439 1125 vero
459 1057 636 1136 Amiterni,
659 1081 794 1144 quorum
815 1057 927 1123 eadem
948 1056 1156 1130 serenatum,
1178 1074 1259 1140 gan·
1275 1072 1320 1117 rar

137 1159 216 1226 dent
242 1181 344 1244 aeque
369 1159 506 1247 frigidis.
540 1157 701 1226 Seruntur
726 1172 760 1225 et
780 1170 854 1226 ante
875 1159 1030 1226 kalendas
1051 1155 1204 1234 Martias,
1225 1155 1261 1220 iu

138 1261 251 1346 iugero
280 1261 411 1328 sextarii
436 1271 603 1346 quattuor3
636 1261 856 1349 diligentiores
883 1261 995 1346 quinto
1025 1257 1114 1324 sulco
1140 1278 1261 1343 napum

140 1361 204 1428 seri
223 1361 452 1450 iubent,‚rape
471 1375 601 1449 quarto,
624 1374 797 1448 utrumque
818 1371 1008 1437 stercorat03
1030 1381 1110 1444 rapa
1129 1359 1262 1425 laetiora

138 1463 224 1541 fieri,
250 1463 380 1529 sicum
407 1463 500 1549 palea
529 1463 737 1530 seminentur.
771 1460 887 1528 Serere
908 1462 1032 1527 nudum
1052 1461 1166 1525 volunt
1184 1480 1261 1546 pre·

140 1575 265 1630 cantem
284 1563 347 1630 sibi
368 1575 402 1631 et
422 1563 536 1630 vicinis
558 1586 665 1631 serere
686 1587 731 1629 se.
754 1563 853 1631 Satus
873 1563 1002 1647 utrique
1023 1561 1135 1648 generi
1155 1561 1262 1626 iustus
1276 1575 1324 1622 1³2

139 1665 224 1731 inter
242 1665 381 1731 duorum
401 1666 569 1732 numinum
590 1666 661 1732 dies
682 1667 800 1744 festos,
827 1665 971 1750 Neptuni
992 1673 1088 1747 atque
1108 1661 1261 1738 Volcani3

139 1766 310 1851 feruntque
330 1766 438 1833 subtili
459 1768 697 1848 observatione,
720 1778 819 1853 quota
836 1769 913 1833 luna
932 1765 1146 1851 praecedente
1158 1762 1264 1829 hieme

140 1866 198 1933 nix
215 1867 321 1957 prima
340 1868 508 1947 ceciderit,
532 1869 559 1934 si
579 1869 712 1935 totidem
726 1869 883 1934 luminum
897 1868 949 1933 die
962 1868 1048 1932 iutra
1062 1863 1265 1952 praedictum

141 1967 294 2052 temporie
315 1969 456 2055 spatium
473 1980 634 2049 serantur,
656 1970 736 2036 mire
749 1969 929 2057 provenire
952 1966 1113 2035 Seruntur
1133 1976 1166 2032 et
1187 1985 1265 2031 vere
1322 2028 1325 2039 ‚
1375 1956 1382 1970 “

140 2067 174 2133 in
195 2068 309 2135 calidis
328 2081 428 2154 atque
448 2071 576 2137 umidis.

182 2168 281 2236 XIV.
309 2171 361 2237 36.
387 2171 520 2258 Lupino
540 2195 620 2238 usus
641 2195 835 2259 proxumus,
862 2194 936 2239 eum
958 2172 1001 2238 sit
1026 2183 1058 2236 et
1083 2169 1204 2237 homini
1230 2177 1264 2233 et
1278 2183 1326 2228 raa
1403 2200 1410 2207 -

119 2271 378 2359 ·quedn'pedum
396 2274 509 2359 generi
537 2274 677 2360 ungulas
703 2274 834 2341 habenti
862 2272 1040 2340 coumuuie.
1072 2270 1264 2337 Remedium

142 2371 229 2461 eius,
263 2396 304 2441 ne
329 2374 480 2441 metentis
507 2375 611 2464 firgiat
638 2375 832 2454 exsiliendo,
864 2386 903 2439 ut
930 2375 971 2440 ab
992 2373 1096 2439 imbre
1117 2373 1263 2448 tollatur3

141 2496 201 2541 nee
221 2474 319 2543 ullius
340 2497 424 2560 quae
447 2487 573 2542 seratur
593 2487 708 2541 nature
728 2477 867 2543 adsensu
889 2486 991 2541 terrae
1010 2472 1185 2540 mirabilior
1204 2482 1264 2538 est

141 2573 289 2641 Primum
314 2578 457 2642 omnium
489 2576 606 2643 cotidie
637 2599 711 2642 cum
744 2576 811 2642 sole
845 2576 1073 2662 circumagitur
1103 2575 1265 2658 horasque

79 2716 82 2729 ·
140 2676 290 2764 agricolis
310 2677 407 2743 etiam
428 2679 538 2744 nubilo
561 2678 766 2744 demonstrat.
793 2677 859 2743 Ter
878 2688 1047 2764 praeterea
1066 2675 1175 2754 floret,
1198 2684 1264 2739 ter·

140 2799 210 2842 ram
234 2790 322 2844 amat
348 2791 497 2865 terraque
525 2764 645 2866 operiri
669 2801 735 2844 non
762 2779 828 2844 volt
835 2802 845 2855 3
878 2788 911 2844 et
936 2799 1036 2843 unum
1064 2775 1126 2840 hoc
1147 2772 1266 2859 serium

140 2899 206 2943 non
231 2887 331 2944 arato.
364 2878 503 2961 Quaerit
529 2902 678 2946 maxume
708 2880 858 2946 sabulosa
883 2889 917 2947 et
943 2879 1028 2945 sicca
1048 2888 1146 2962 atque
1167 2875 1265 2941 etiam
1279 2889 1328 2953 1³⁴

140 2979 313 3059 harenosa3
335 2980 398 3046 coli
415 2981 527 3067 utique
546 3004 610 3047 uon
630 2980 707 3062 volt.
729 2980 891 3047 Tellurem
904 2979 985 3046 adso
1000 2989 1087 3044 amat
1099 2988 1136 3043 ut
1150 2998 1263 3063 quam·

137 3194 230 3251 puroet
244 3185 403 3250 medeturque,
418 3204 438 3239 r.
462 3228 493 3239 ..
520 3187 630 3252 alteim,
645 3191 682 3240 ι’.
705 3228 737 3241 ...
764 3188 878 3254 ἱΗφονα,
890 3193 915 3242 d
933 3229 964 3239 ..
992 3187 1109 3247 Nursiae,
1125 3184 1263 3238 Columell.

143 3261 183 3314 10,
195 3261 254 3305 421.
277 3255 429 3316 Ureioaad.
448 3297 479 3325 τ
499 3256 629 3318 taniam.
650 3296 678 3305 ..
695 3256 862 3321 proximum.

174 3321 260 3382 5181.
287 3321 412 3384 Amiterni,
424 3326 468 3374 ed.
490 3323 642 3385 Amiternini,
653 3320 705 3389 βγ.
724 3365 756 3374 -
777 3326 959 3388 aeqveomd.
983 3365 1015 3373 -
1038 3321 1143 3383 Mam.
1165 3318 1264 3382 Martii,

141 3392 165 3440 d.
184 3429 216 3439 -
234 3405 331 3453 napum,
342 3393 367 3441 d.
383 3406 477 3454 rapum,
489 3407 512 3442 ι
525 3432 557 3441 ..
575 3399 680 3454 auoque,
691 3392 724 3442 K
737 3431 770 3441 ..
780 3391 855 3454 ficut,
866 3393 899 3443 Κ.
917 3431 950 3442 ..
968 3406 1020 3439 cam
1028 3387 1105 3455 polea
1114 3388 1264 3449 emineat,

139 3458 244 3508 Barbar.
257 3460 274 3507 d
286 3454 333 3520 (l).
347 3456 423 3522 polea
438 3458 602 3521 ominaretur,
619 3460 702 3511 TDa.
726 3457 801 3523 polea
816 3459 906 3508 themu
916 3458 1050 3521 seminetur,
1066 3459 1146 3508 utera
1156 3455 1264 3506 Barbari

140 3526 294 3575 coniectura.

174 3595 260 3657 §1³2
287 3591 409 3656 udonem.
432 3632 463 3643 ..
490 3592 564 3654 intra,
575 3594 643 3644 Pint.
662 3634 694 3643 ..
716 3593 877 3652 amoma
900 3630 932 3643 ..
955 3588 1119 3656 proeoedeate,
1131 3591 1225 3644 Sabell.
1238 3598 1265 3640 et

140 3660 207 3711 Pint.
220 3663 236 3711 d
248 3657 336 3723 (codd.
349 3658 419 3721 Gel.)
433 3659 580 3722 procedente,
593 3676 617 3711 a.
636 3701 667 3710 ..
687 3660 779 3710 luminis
791 3658 878 3720 debas,
890 3662 923 3712 Κ.
1317 3680 1324 3685 ·

174 3731 259 3792 ξὶῧὸ.
285 3726 381 3790 Lepino
396 3743 460 3787 aare,
476 3730 499 3778 d.
526 3726 637 3791 Lepinus
652 3744 716 3790 uene,
732 3745 756 3779 a.
787 3726 958 3792 Lupioorosus,
975 3727 1078 3778 Thuan.
1096 3742 1137 3791 ep.
1154 3726 1262 3776 Salmas.

141 3810 223 3845 exere
236 3810 261 3859 p.
273 3799 331 3845 ³27.
344 3811 368 3844 a
380 3795 413 3844 A.
435 3792 532 3858 Leto
542 3792 716 3860 ertmssr.
739 3837 769 3846 ..
790 3795 930 3858 promiscae,
943 3795 1051 3848 Salmas
1075 3834 1107 3844 ..
1134 3790 1263 3853 amini,

140 3864 186 3912 ad.
205 3861 300 3923 homini,
312 3875 331 3926 γ
341 3862 403 3911 vitio
416 3876 558 3925 operarum.
577 3903 608 3914 ...
619 3863 699 3926 ficano
710 3861 819 3928 aquus
830 3863 919 3914 Dareo
939 3903 970 3912 ..
994 3859 1118 3922 exibendo,
1130 3877 1155 3910 a.
1173 3898 1204 3908 ..
1226 3874 1263 3907 ee·

141 3937 217 3990 ratur,
229 3946 252 3980 a.
270 3935 388 3989 ceantur,
398 3929 451 3979 Τὰ.
469 3938 585 3990 remoror,
594 3926 645 3996 βγ.
663 3929 728 3999 quod
735 3930 829 3992 seritur,
838 3933 929 3982 Doleo.
943 3970 974 3980 ..
992 3937 1078 3989 terrae,
1087 3929 1154 3978 Pint.
1174 3933 1262 3975 ἰεπω-

141 4013 193 4060 que,
206 4014 228 4047 a.
248 4004 363 4059 terraque,
376 3997 429 4046 Td.
447 3995 513 4046 Mihi
525 3996 587 4047 coeli
597 4006 719 4061 terraeque
729 3998 866 4062 legendum
875 4000 985 4059 videtum
994 4012 1020 4046 r.
1031 3996 1116 4047 entim
1125 3995 1262 4058 sequentia.

142 4104 173 4114 ..
191 4063 277 4113 cotidie
288 4080 340 4113 cam
351 4062 407 4124 sole,
419 4066 465 4114 ad.
481 4080 533 4113 erm
545 4064 594 4114 sole
605 4064 715 4128 wadre,
723 4061 774 4130 βγ.
788 4106 820 4116 ..
839 4063 1019 4126 meare,
1028 4079 1052 4114 a
1069 4063 1190 4113 Totidem
1199 4063 1263 4112 haee

140 4133 223 4182 verbis
239 4133 359 4196 leguntur
375 4131 829 4198 in·Geopon‚1L3⁹,3.exAppul.
853 4173 884 4185 ..
912 4141 1029 4195 unaque
1044 4132 1069 4182 d.
1096 4136 1223 4193 mique,
1237 4142 1262 4180 ι

143 4200 175 4248 V.
189 4201 321 4263 Theophr.
335 4200 352 4249 L
364 4199 382 4248 I
395 4198 473 4249 VIII.
485 4205 525 4260 ll,
536 4203 561 4248 8.
1116 4227 1125 4240 ·
1246 4220 1249 4225 ¹

174 4268 260 4330 μω.
290 4264 397 4327 cumo
409 4267 482 4317 core
494 4264 552 4316 ρει.
562 4266 651 4330 suase,
663 4285 687 4319 ι.
703 4266 816 4332 escere,
828 4269 880 4319 nr.
