2896 4792
180 244 249 309 316·
531 258 736 306 sarnanum
759 216 969 307 nrsronrnn'

179 410 277 478 eineri
299 409 469 476 substratis
490 420 524 475 et
543 409 616 496 pice
637 409 737 476 inlitis
759 422 884 478 acetum
897 411 1090 478 habentibus
1104 413 1303 498 leguminum

178 534 310 579 acervos
331 509 587 598 superingerant,
608 510 655 576 ita
675 533 741 576 non
760 511 849 577 nasci
865 512 1022 579 maleficia
1036 514 1213 578 credentes.
1235 516 1302 580 Alii
1316 534 1366 578 sos

177 615 211 679 in
238 611 488 679 salsamentariis
515 611 604 677 cadis
626 635 733 699 gypso
760 613 915 692 inlinunt,
942 613 1040 780 0,φυὶ
1067 614 1185 680 lentem
1213 628 1303 682 aceto
1326 606 1331 614 ’

177 714 381 800 laserpiciato
409 723 604 801 respergrmt
629 713 844 798 siccatamque
868 716 944 780 oleo
996 725 1115 802 ngunt3
1144 716 1202 781 sed
1227 716 1302 783 bre-

178 817 310 883 vissima
324 813 522 893 observatio,
543 815 631 899 quod
650 815 737 880 vitiis
759 837 868 880 carere
889 815 969 881 velis
991 815 1161 881 interlunio
1180 819 1302 903 legere,

178 940 277 1003 quare
297 917 482 1003 plurumum
495 915 608 995 refert,
632 917 769 982 condere
784 916 856 1000 quis
877 916 968 982 malit
989 933 1030 982 an
1052 918 1207 997 vendere3
1231 941 1302 984 ere-

179 1030 288 1086 scente
310 1017 395 1083 enim
415 1018 493 1082 luna
513 1018 675 1082 frumenta
695 1018 925 1106 grandescunt.

142 1118 153 1141 ’
219 1118 362 1186 XXXI.
392 1121 443 1184 74.
470 1115 625 1202 Sequitur
648 1141 689 1185 ex
710 1118 867 1184 divisione
890 1128 1068 1205 temporum
1090 1131 1262 1187 autumnus
1284 1139 1366 1187 asoa

91 1292 95 1297 ,
177 1223 327 1289 fidiculae
355 1243 471 1288 occasu
498 1221 540 1285 ad
562 1220 801 1304 aequinoctium
822 1243 861 1286 ae
882 1219 1000 1286 deinde
1023 1221 1228 1309 vergiliarum
1249 1245 1301 1288 00-

178 1346 288 1391 casum
307 1322 498 1406 initiumque
520 1321 644 1387 hiemis.
666 1321 707 1385 In
727 1321 777 1387 his
798 1321 974 1387 intervallis
996 1323 1179 1408 significant
1201 1324 1304 1409 pridie

178 1425 252 1491 idus
276 1424 364 1511 Aug.
386 1423 517 1490 Atticae
540 1446 616 1489 ecus
643 1422 751 1490 oriens
771 1423 914 1508 vesperi,
938 1423 1096 1510 Aegypto
1116 1435 1149 1490 et
1170 1424 1304 1491 Caesari

178 1526 351 1613 delphinus
372 1525 531 1591 occidens.
552 1547 599 1589 xr.
621 1524 685 1589 kal.
709 1520 909 1610 Septembris
938 1522 1072 1590 Caesari
1091 1535 1123 1590 et
1146 1524 1304 1610 Assyriae

179 1628 271 1695 stella
292 1648 374 1711 quae
396 1626 589 1692 vindemitor
611 1625 792 1711 appellatur
814 1624 933 1690 exoriri
954 1649 1047 1692 mane
1068 1626 1199 1712 incipit,
1229 1625 1302 1691 vin·

178 1729 303 1817 demine
318 1727 535 1794 maturitatem
549 1727 760 1813 promittens3
784 1726 853 1792 eius
872 1737 1097 1814 argumentum
1111 1738 1204 1792 erunt
1218 1726 1304 1792 acini

179 1829 284 1898 colore
305 1827 431 1893 mutati.
467 1827 625 1912 Assyriae
647 1850 678 1892 r.
700 1828 763 1892 kal.
787 1825 968 1914 Septembr.
992 1838 1025 1893 et
1048 1827 1164 1916 sagitta
1184 1827 1304 1893 occidit
1316 1846 1366 1891 010

179 1943 212 1998 et
233 1930 352 1997 etesiae
378 1928 529 1994 desinunt
536 1953 544 2005 ;
579 1927 770 1995 vindemitor
794 1930 950 2017 Aegypto
980 1930 1075 1994 nonis
1099 1927 1302 2015 Septembri-

178 2034 242 2100 bus
270 2032 430 2108 exoritur,
463 2029 593 2095 Atticae
615 2039 762 2096 arcturus
783 2031 956 2109 matutino,
993 2040 1027 2095 et
1049 2031 1166 2118 sagitta
1186 2029 1305 2096 occidit

178 2156 282 2200 mane.
304 2156 336 2197 v.
357 2131 430 2197 idus
453 2128 635 2217 Septembr.
659 2129 793 2197 Caesari
815 2131 937 2217 capella
958 2131 1060 2196 oritur
1081 2130 1226 2216 vesperi,
1248 2154 1302 2194 ar-

179 2244 289 2302 cturus
314 2255 391 2300 vero
422 2231 546 2298 medius
572 2232 677 2318 pridie
708 2232 782 2298 idus
809 2229 991 2319 Septembr.
1024 2231 1303 2299 vehementissimo

180 2334 362 2423 significatu
384 2344 469 2399 terra
490 2333 634 2418 marique
657 2356 715 2420 per
737 2333 807 2399 dies
829 2333 980 2418 quinque.
1015 2333 1112 2399 Ratio
1134 2333 1203 2398 eius
1224 2332 1303 2398 haec
1316 2351 1363 2397 ³11

197 2532 293 2622 'cineri
302 2544 348 2593 ad.
365 2541 449 2603 sinere,
458 2537 488 2604 β.
501 2582 531 2591 ..
545 2541 634 2606 etpiee,
644 2541 676 2592 Κ.
695 2548 724 2603 et,
735 2536 827 2606 adssy.
846 2579 878 2590 ..
896 2511 1084 2605 superinferenti
1092 2540 1145 2590 Tu.
1163 2579 1194 2589 ,.
1214 2537 1301 2603 nulrit*-

178 2627 297 2759 Μέἓθὸ
324 2693 445 2756 ,111100
473 2692 519 2742 ulii
533 2694 581 2757 qni,
597 2689 649 2758 βγ.
681 2692 728 2742 alii
742 2693 784 2756 qui
798 2691 880 2742 lentem
896 2693 921 2742 in
937 2692 1134 2753 snuanenrariin
1151 2692 1219 2742 Pint.
1236 2690 1303 2739 intra

111 2812 115 2829 ⁸
177 2777 267 2813 vocem
280 2763 361 2812 lenum
374 2763 500 2812 omittens.
524 2803 555 2812 ..
579 2761 726 2821 illinuntK.
749 2757 965 2826 inlinantadssy.
991 2802 1018 2810 -
1043 2760 1171 2824 aliqui‚K
1195 2756 1300 2820 aliiqui,

178 2826 269 2894 adfir.
287 2831 420 2889 Vadas,
435 2836 490 2879 101.
510 2871 541 2879 ..
565 2836 710 2893 reaperynnq
722 2829 754 2878 Κ.
777 2837 924 2894 resperpant,
937 2825 1029 2892 adssr.
1049 2869 1079 2878 -
1099 2834 1196 2892 009001,
1209 2828 1244 2874 a'.
1263 2825 1299 2873 in-

177 2906 274 2963 asyam,
286 2900 318 2947 Κ.
337 2904 436 2961 anyont,
449 2900 506 2946 a²d.
525 2895 649 2958 inunyunt,
661 2891 711 2961 βγ.
730 2938 761 2946 -
781 2912 822 2956 an,
834 2912 857 2946 a.
874 2904 925 2954 ent,
937 2897 961 2944 d.

125 2968 130 2977 ⁵
211 2986 297 3046 §309.
316 2980 469 3045 verqils'nrunr
487 2996 578 3040 occasu,
596 2996 619 3029 a.
638 3021 669 3029 ..
693 2978 724 3028 In
739 2978 784 3040 lis,
801 2996 824 3030 a.
846 2978 903 3042 His,
920 2980 973 3030 Td.
993 3020 1024 3029 ..
1045 2976 1194 3042 siqnifleant,
1211 2976 1301 3027 Tadr.

176 3048 340 3112 siynr'yicatnr,
355 3043 383 3108 β.
405 3089 435 3096 ..
458 3045 535 3095 idries
551 3048 647 3097 omisso
660 3046 754 3111 pridie,
770 3049 913 3098 Pontedera
930 3047 1057 3110 antiquitt.
1073 3061 1098 3109 p.
1117 3051 1174 3095 215.
1193 3049 1250 3095 365.
1270 3086 1301 3093 -

177 3131 280 3178 vespera
293 3131 316 3164 a
334 3157 366 3164 -
388 3111 489 3163 Conari
503 3121 532 3171 et,
550 3129 601 3163 cm.
618 3116 698 3165 schol.
712 3115 830 3165 German.
849 3155 880 3164 -
899 3112 1016 3178 Assyriis,
1034 3114 1116 3164 schol.
1130 3113 1249 3164 German.
1269 3154 1300 3162 -

177 3180 323 3242 vindemitor,
335 3183 410 3231 Tad.
432 3181 650 3243 oricandensium,
669 3184 751 3232 schol.
765 3182 884 3234 German.
902 3180 1065 3241 vindemiator,
1079 3176 1108 3241 β.
1127 3222 1158 3229 -
1178 3180 1243 3229 cuins
1260 3196 1301 3228 ar-

175 3256 292 3313 qamento,
304 3250 383 3300 schol.
397 3249 516 3299 German.
536 3291 568 3299 -
586 3250 653 3314 eqni,
665 3251 744 3300 schol.
758 3251 877 3301 German.
896 3250 1137 3308 vinacea-mutata,
1148 3250 1216 3299 Pint.

210 3335 226 3396 5
238 3340 296 3384 310.
314 3332 459 3398 etAssyrisia
469 3335 551 3385 schol.
562 3335 681 3385 German.
692 3376 722 3384 -
737 3333 786 3384 leel.
796 3333 936 3398 Septembr.,
945 3335 1025 3386 schol.
1037 3334 1156 3385 German.
1176 3330 1301 3390 tuendas,
1365 3332 1369 3337 '

177 3395 270 3464 adssy.
283 3442 314 3451 ..
334 3402 419 3451 etessee
431 3404 524 3453 omisso
537 3409 566 3464 et,
579 3405 623 3453 ad.
642 3402 780 3466 cunasque,
792 3404 873 3453 schol.
885 3403 1004 3455 German.
1019 3443 1050 3453 ..
1066 3399 1213 3460 vindemitor,
1227 3400 1301 3449 Tad.

176 3465 395 3531 ascendentum,
412 3470 627 3521 scholGerman.
654 3469 819 3533 vindemiator,
830 3466 859 3532 β.
879 3510 911 3520 ..
938 3470 1006 3518 nonii
1017 3468 1200 3532 Septembnlrus,
1218 3467 1301 3516 schol.

177 3536 296 3587 German
316 3535 391 3599 nonis,
403 3532 495 3601 adflr.
508 3577 539 3588 ..
559 3536 631 3589 Vffl.
645 3537 698 3587 idus
709 3537 807 3587 Atinae
818 3546 934 3598 arctante,
946 3537 1093 3587 Pontedera
1103 3537 1121 3585 l.
1131 3535 1149 3584 l.
1162 3550 1186 3597 p.
1197 3538 1254 3582 315.
1267 3574 1299 3583 ..

182 3602 219 3665 V„
232 3621 248 3655 a
263 3601 357 3665 (schol.
371 3604 504 3669 German.)
535 3603 587 3667 Vl,
604 3605 657 3656 ra.
677 3647 708 3655 ..
738 3603 851 3655 Caesarie
862 3603 1000 3669 appellatur
1011 3604 1068 3663 itur,
1080 3619 1103 3653 a.
1123 3642 1153 3650 ..
1175 3599 1272 3661 medius,
1285 3618 1301 3650 a

175 3669 263 3734 (codd.
277 3671 348 3734 Gel.)
372 3671 469 3734 modios,
482 3677 505 3724 d.
525 3674 582 3724 Om.
599 3674 682 3724 schol.
696 3674 815 3725 German.
842 3671 964 3734 matutino,
981 3671 1126 3720 Pontedera
1142 3669 1159 3717 1.
1172 3670 1190 3717 l.
1203 3683 1228 3733 p.
1241 3672 1300 3719 373.

177 3780 208 3789 ..
232 3737 286 3789 idus
303 3738 447 3804 Septembr.,
468 3741 551 3791 schol.
570 3741 690 3792 German.
724 3739 791 3801 idus,
809 3734 903 3804 addr.
928 3779 958 3788 -
991 3737 1075 3786 imbres
1092 3734 1301 3785 velernentissirnos

175 3806 305 3872 sensificat,
317 3809 397 3859 schol.
412 3808 530 3860 German.
549 3848 580 3858 ..
597 3824 642 3872 per
654 3807 705 3858 dies
717 3807 825 3872 quinque,
838 3822 888 3857 om.
900 3806 982 3857 schol.
996 3805 1116 3856 German.

208 3890 224 3952 ἱ
236 3898 295 3942 311.
318 3891 446 3956 defuturos,
462 3894 606 3942 Pontedera
616 3894 634 3942 l.
647 3894 664 3942 1.
677 3907 701 3956 p.
715 3894 774 3942 ato.
786 3907 820 3941 ex
831 3891 914 3942 schol.
927 3890 1056 3951 German,
1073 3891 1116 3954 qui
1129 3887 1237 3950 dffatnrr'
1246 3896 1300 3936 sunt

175 3960 261 4009 habet.
271 3959 378 4024 futuros,
391 3955 486 4023 adsty.
496 4000 528 4009 ..
545 3976 591 4023 per
602 3968 730 4008 arcturum.
747 3957 810 4009 Eius
820 3957 886 4023 siant
895 3966 970 4006 ortam
982 3965 1070 4019 servm,
1083 3958 1166 4008 schol.
1179 3957 1298 4007 German.

175 4066 205 4075 -
225 4025 311 4087 abitio,
323 4030 347 4078 d.
365 4025 468 4087 habitus,
480 4044 495 4077 a
507 4025 602 4088 (schol.
616 4023 749 4088 German.)
765 4026 839 4087 abitu
850 4027 883 4077 Κ.
895 4067 926 4075 -
944 4025 1028 4087 oritur,
1041 4027 1123 4076 schol.
1136 4024 1256 4075 German.
1267 4064 1298 4071 -

171 4100 197 4147 et
207 4109 333 4158 esyaeqne,
346 4097 370 4144 d.
384 4133 416 4143 ..
433 4093 489 4144 Hoe
500 4093 561 4143 idern
569 4134 599 4143 -
606 4092 752 4158 spadicam,
765 4101 796 4155 et,
809 4109 859 4144 om.
872 4094 951 4144 schol.
965 4093 1125 4145 German.-
1141 4100 1170 4153 et,
1183 4094 1207 4142 d.
1225 4108 1262 4152 es,
1275 4107 1298 4141 a.

160 4150 206 4210 ²..
224 4161 288 4224 ΧΙ.,
300 4178 316 4212 a
327 4161 420 4225 (schol.
434 4160 567 4225 German.)
585 4161 631 4221 X.
649 4163 701 4212 Τὰ.
714 4203 746 4211 -
765 4160 812 4212 cal.
827 4161 929 4224 Octobr,
940 4163 1022 4215 schol.
1036 4162 1155 4214 German.
1175 4156 1299 4217 kalendas,
