2896 4792
419 289 489 336 arn.
507 289 568 336 xx.
598 286 676 334 one.
694 288 767 334 rur.
799 244 996 352 andrum.
1198 269 1261 334 309

138 441 280 530 prodest.
303 440 402 524 Aqua
423 449 531 504 autem
553 436 647 502 betae
670 435 776 502 radice
798 435 946 502 decoctae
967 435 1110 501 maculas
1124 436 1261 502 vestium

138 544 202 609 elui
224 544 345 620 dicunt,
366 541 443 605 item
464 539 732 606 membranarum.

181 646 233 709 29.
255 643 364 708 Intubi
386 662 516 726 quoque
538 662 601 705 non
624 651 715 705 extra
736 637 877 703 remedia
899 648 984 703 sunt.
1023 635 1130 703 Sucus
1151 658 1262 704 eorum
1277 655 1308 702 ta

139 766 212 809 eum
225 765 355 811 rosaceo
376 756 409 808 et
430 754 521 808 aceto
542 741 654 826 eapitis
676 739 802 805 dolores
816 738 905 817 lenit,
927 738 1078 822 idemque
1099 759 1173 803 cum
1187 738 1262 805 vino

138 855 236 930 potus
257 846 409 911 iocineris
431 854 464 910 et
484 843 625 919 vesicae;
648 852 680 907 et
702 839 864 927 epiphoris
885 839 1060 926 inponitur.
1082 839 1265 906 Erratieum

139 945 226 1029 apud
253 968 312 1011 nos
334 945 465 1029 quidam
486 942 649 1009 ambulem
671 942 884 1028 appellavere.
918 940 958 1006 In
980 940 1134 1029 Aegypto
1156 939 1263 1007 cioho·

138 1047 223 1110 rium
244 1057 362 1112 vocant
381 1046 468 1130 quod
491 1044 638 1109 silvestre
661 1043 718 1122 sit,
748 1043 885 1108 sativom
906 1051 1014 1106 autem
1036 1040 1151 1122 serim,
1178 1042 1264 1126 quod

138 1156 189 1212 est
210 1148 315 1211 minus
337 1158 370 1211 et
391 1145 551 1211 venusius.

181 1249 232 1312 30.
256 1246 442 1313 Oicborium
464 1246 647 1333 refrigerem
670 1245 704 1308 in
727 1243 799 1310 oibo
821 1252 984 1329 sumptum
1006 1255 1038 1309 et
1058 1244 1183 1310 inlitum
1198 1246 1264 1311 col·
1280 1260 1310 1307 7⁴
1365 1324 1371 1331 .

138 1348 303 1426 lectiones,
326 1370 423 1413 sucus
445 1346 572 1413 decocti
592 1356 737 1410 ventrem
759 1343 866 1423 solvit,
888 1343 1021 1410 iocineri
1043 1355 1075 1410 et
1088 1344 1220 1411 renibus
1233 1356 1266 1412 et

141 1448 303 1514 stomacho
325 1448 475 1534 prodest;
503 1448 581 1513 item
604 1445 687 1511 siin
708 1457 799 1511 aceto
822 1446 1037 1529 decoquatur,
1065 1445 1177 1511 urinae
1200 1459 1265 1511 tor·
1359 1472 1362 1479 ·

139 1548 234 1613 mina·
255 1549 401 1626 discutit,
428 1547 508 1612 item
534 1545 681 1613 morbum
710 1546 837 1635 regium
859 1569 876 1611 e
898 1546 1018 1626 mulso,
1045 1546 1073 1612 si
1095 1546 1163 1612 sine
1184 1547 1265 1612 febri

138 1649 191 1714 sit.
228 1649 380 1716 Vesioam
408 1648 556 1727 adiuvat3
586 1647 755 1712 mulierum
784 1647 915 1732 quidem
935 1647 1184 1734 purgationibus
1205 1648 1263 1714 de-

139 1760 264 1815 coctum
295 1750 330 1813 in
361 1771 445 1833 aqua
477 1750 559 1814 adeo
588 1748 722 1835 prodest
754 1761 791 1813 ut
823 1758 981 1814 emortuos
1009 1757 1121 1834 partus
1151 1750 1264 1816 trahat

140 1848 298 1916 Adiciunt
323 1850 410 1936 magi
434 1871 511 1915 suco
540 1850 638 1916 totius
660 1872 735 1915 cum
749 1849 822 1914 oleo
839 1858 1013 1935 perunctos
1026 1845 1274 1917 favorabiliores*

138 1950 209 2016 fieri
231 1961 263 2015 et
283 1972 366 2034 quus
388 1950 487 2016 velint
508 1950 633 2016 facilius
655 1950 835 2036 inpetrare;
864 1949 949 2033 quod
978 1949 1108 2033 quidem
1133 1962 1267 2037 propter

140 2051 339 2138 singularem
362 2050 581 2118 salubritatem
603 2051 701 2135 aliqui
725 2050 875 2117 chreston
895 2051 1075 2138 appellant,
1103 2051 1157 2116 alii
1184 2074 1265 2138 pan-

142 2152 276 2217 cration.

183 2255 235 2318 31.
258 2253 302 2316 Et
325 2253 470 2319 silvestre
485 2276 600 2341 genus,
624 2252 678 2318 alii
693 2251 900 2338 hedypnoida
915 2264 1041 2333 vocant,
1065 2253 1187 2319 latioris
1201 2253 1265 2318 foli.
1282 2269 1312 2316 75

140 2351 351 2418 Stomachum
368 2354 561 2419 dissolutum
574 2353 750 2440 adstringit
764 2363 854 2419 cocta
869 2354 1031 2439 crudaque
1047 2354 1130 2420 sistit
1144 2355 1266 2429 alvom;

138 2466 173 2520 et
194 2453 401 2538 dysintericis
421 2454 564 2539 prodest,
586 2453 692 2539 magis
714 2475 788 2518 cum
809 2454 906 2519 lente.
942 2453 1054 2539 Rupta
1069 2466 1101 2522 et
1117 2455 1268 2521 convolsa

139 2565 275 2639 utroque
303 2576 424 2642 genere
451 2555 619 2630 iuvantur,
652 2554 731 2619 item
757 2555 906 2642 genitura
932 2555 1051 2640 quihus
1072 2555 1266 2623 valetudinis

138 2655 251 2721 morbo
274 2654 393 2720 effluat

139 2829 282 2893 parentam
298 2845 325 2877 os
339 2826 500 2893 odshs'npaat,
516 2830 567 2880 Ta.
591 2830 737 2894 quatentium
753 2831 817 2882 orati
829 2831 956 2897 chiupam,
972 2834 997 2883 d.
1023 2831 1145 2896 quttorstio
1161 2829 1266 2883 abab

139 2892 246 2960 quaqfi.
271 2897 420 2960 pastorali
440 2936 470 2946 ..
497 2896 579 2961 Aqua,
592 2901 628 2948 ad
644 2895 769 2963 (Appnl.)
795 2898 872 2963 Aqtoe,
884 2900 917 2950 Τ.
936 2940 968 2950 -
991 2901 1155 2962 calembetoe,
1168 2898 1264 2964 Appul.

139 2970 194 3024 cte,
211 2959 281 3028 assr.
306 2965 434 3024 eto,'l'd.
458 3004 488 3017 ..
513 2979 566 3013 cum
583 2963 679 3026 radice,
695 2981 776 3030 nempe
791 2965 899 3026 mllio,
915 2968 1005 3018 Dalee.
1030 3008 1062 3018 ...
1089 2965 1205 3029 macae
1221 2968 1265 3017 Τὰ

140 3028 264 3095 (Appul.)
281 3039 368 3092 coetae,
380 3028 452 3096 αβγ.
472 3073 502 3081 ..
521 3031 583 3092 item,
596 3033 693 3098 A'ppul.
712 3034 819 3097 itemque,
831 3028 925 3100 adssr.

175 3120 243 3182 §ta
269 3120 384 3185 idemque,
401 3117 502 3173 oreo.
528 3122 598 3186 idea,
615 3119 644 3186 β.
671 3126 843 3191 Transcripsit
859 3127 923 3177 haec
939 3128 1006 3178 Pliu.
1023 3127 1110 3178 Vular.
1128 3135 1152 3188 4,
1171 3118 1214 3177 ll.¹
1233 3168 1264 3179 -

141 3187 258 3248 Moab,
273 3182 372 3238 Oreo.
398 3188 544 3268 iocimribus,
554 3186 584 3251 β.
605 3231 643 3272 ··..
661 3188 818 3253 ombslomssa
834 3190 941 3258 (Rigalt
959 3202 985 3273 et
1000 3196 1085 3259 regins
1103 3210 1143 3259 ap.
1157 3190 1265 3246 Salmas.

141 3261 373 3373 {utilibet
386 3253 1265 3391 il.‘ilhildibaldiiimipiliiilalilin'ribiuli

141 3392 193 3440 ind.
205 3388 339 3452 amboboia,
351 3359 396 3440 R’a
407 3387 447 3453 (in
457 3387 523 3453 ind.)
541 3360 683 3456 ombap’iorh,
694 3387 723 3453 β.
741 3363 897 3456 ambhbeiam,
909 3363 1024 3445 Tdrrent.
1037 3397 1071 3444 ad
1081 3344 1264 3446 Hbratgcarm.

141 3459 162 3507 1.
175 3464 216 3518 31,
230 3464 268 3508 lo.
287 3455 423 3519 ambatiam,
436 3457 543 3508 Salmas.
562 3499 593 3508 -
612 3458 691 3521 serim,
702 3460 748 3509 ad.
765 3459 836 3522 scio,
848 3456 899 3525 βγ.
917 3501 949 3512 ..
968 3461 1113 3524 umescant,
1126 3463 1151 3512 d.

175 3553 190 3614 5
204 3554 244 3601 74.
262 3548 317 3600 inde
328 3542 413 3612 cibum,
423 3552 468 3602 ad.
481 3591 512 3601 ..
524 3566 613 3612 meus,
623 3552 725 3603 TKad.
742 3568 877 3616 succusque,
885 3548 938 3617 βγ.
951 3593 983 3604 ..
997 3552 1101 3617 amabo,
1110 3571 1134 3605 a.
1152 3524 1265 3611 etmuho,

142 3619 166 3667 d.
186 3657 216 3667 ..
232 3617 309 3682 febri,
322 3634 345 3669 a„
364 3617 444 3681 febre,
457 3612 529 3684 dssr.
547 3659 579 3669 ..
597 3616 721 3680 adiuvant,
733 3622 758 3671 d.
777 3661 809 3670 ..
832 3619 917 3685 mapa,
929 3623 953 3671 d.
973 3661 1004 3672 ...
1024 3621 1103 3685 totius,
1115 3625 1159 3673 ad.
1182 3621 1265 3686 aiulphi,

142 3684 175 3734 Κ.
194 3724 225 3734 ..
235 3685 332 3747 sobora
341 3683 445 3746 uiliores,
457 3687 482 3737 d.
494 3683 705 3750 soboroutibbm,
716 3704 739 3737 a
758 3728 790 3738 ..
809 3685 941 3752 impetrari,
953 3690 996 3739 ad
1015 3730 1048 3740 ..
1066 3692 1115 3753 qao
1124 3687 1229 3754 qaedam,
1241 3704 1263 3739 a

143 3751 182 3811 ᾆῆ
197 3748 298 3826 qgtidem,
315 3754 339 3800 d.
364 3751 603 3817 quomqaidem,'1'.
629 3751 827 3819 quondoquidem,
844 3756 913 3806 Pint.
941 3754 991 3816 loe,
1004 3757 1038 3808 K.
1057 3797 1089 3808 -
1116 3754 1264 3814 obrutam

142 3813 258 3876 chreston,
270 3820 294 3867 d.
312 3816 448 3880 maman,
463 3813 493 3870 θ.
551 3856 554 3861 .

177 3901 192 3962 i
206 3904 245 3950 ⁷5·
267 3898 346 3979 Εξψ
366 3899 413 3950 Est
424 3911 454 3981 ef,
466 3904 520 3954 Tc
543 3893 615 3956 Haec
626 3908 751 3971 scriptura
762 3922 820 3958 cum
832 3916 918 3973 aperte
929 3907 1153 3972 interpolationem
1164 3910 1264 3970 prodas,

143 3976 379 4096 totaliter
391 3971 752 4092 hludoidlliflffi
767 3975 879 4093 lllltt
901 3977 987 4026 ⁰⁰¹¹¹¹⁸
1007 3975 1265 4098 ‘wilh

143 4110 214 4180 arotq
234 4109 410 4161 connectatur,
432 4103 559 4181 Pliniana
575 4076 719 4159 nominiblrs
736 4109 811 4160 unius
828 4057 1093 4172 mnddlddndsnsus
1109 4057 1265 4161 adpuomiua

143 4169 411 4299 adteqrtqquqraqqqqqqqq
419 4209 470 4301 ᾖ.
488 4169 542 4233 alst,
558 4187 583 4222 a.
608 4172 716 4238 oleariasy
727 4177 780 4227 Τὰ.
803 4174 880 4281 eliud,
891 4177 925 4227 Κ.
943 4214 974 4227 ..
991 4176 1105 4241 periuro
1115 4176 1207 4242 quibas,
1218 4180 1263 4229 ad
