2896 4792
378 303 448 350 mn.
465 301 570 349 xvur.
598 299 822 349 cse.1v..v1.
852 296 950 346 sncr.
965 299 985 342 a.
999 300 1018 343 ι.
1200 281 1260 344 145

139 467 178 520 ut
199 453 329 531 homini,
352 452 500 538 quamvis
517 461 729 537 quaestuosus
747 449 799 529 sit,
823 450 849 514 si
865 460 971 514 tamen
991 458 1024 512 et
1044 458 1261 534 summuosus,

139 577 205 621 non
227 555 363 619 multum
385 575 565 640 superesse.
588 553 647 618 Ille
666 552 700 616 in
720 574 800 638 agro
815 549 1129 636 quaestuosissimam
1144 548 1264 615 iudicat

139 656 255 734 vitem,
277 676 341 720 non
365 655 503 732 frustra,
525 653 675 739 quoniam
694 663 769 717 ante
789 652 895 717 omnia
913 650 953 714 de
973 650 1126 736 inpensae
1140 650 1263 715 ratione

140 756 244 834 cavit,
272 776 431 841 proxume
452 754 561 820 hortos
583 755 709 840 riguos,
737 775 795 818 nec
817 752 851 816 id
873 750 970 829 falso,
1000 750 1025 814 si
1054 750 1114 815 sub
1144 749 1263 836 oppido

140 855 220 932 sint3
249 865 282 921 et
303 867 396 940 prata
417 855 540 940 antiqui
561 864 673 939 parata
695 853 815 919 dixere.
847 851 1001 936 Idemque
1024 849 1106 916 Cato
1126 852 1262 917 interro-
1276 868 1309 914 oo

139 966 236 1044 gatus
251 956 324 1039 quis
339 966 425 1020 esset
446 954 642 1020 certissimus
665 964 818 1038 quaestus
839 952 1019 1038 respondit:
1043 952 1092 1029 „si
1106 951 1189 1017 bene
1203 974 1263 1037 pa·

66 1086 70 1091 ·
141 1059 253 1134 scas'';
277 1057 350 1140 quis
364 1055 563 1142 proxumus?
585 1054 638 1133 „si
652 1063 702 1119 sat
716 1054 831 1119 bene'’.
854 1050 989 1117 Summa
1002 1052 1143 1117 omnium
1156 1053 1189 1117 in
1203 1053 1264 1119 hoo

141 1157 316 1244 spectando
342 1155 403 1220 fuit
427 1167 465 1221 ut
492 1156 616 1221 fructus
644 1155 674 1220 is
701 1176 851 1218 maxume
877 1152 1069 1238 probaretur
1091 1154 1146 1238 qui
1168 1176 1264 1240 quam

139 1257 283 1323 minume
308 1256 461 1342 inpendio
489 1267 691 1322 constaturus
719 1263 814 1320 esset
847 1253 922 1319 Hoc
944 1276 985 1318 ex
1004 1255 1149 1320 locorum
1169 1277 1264 1321 occa

140 1359 230 1423 sione
251 1357 344 1422 aliter
364 1357 441 1422 alibi
463 1357 646 1422 decernitur
653 1381 662 1434 ;
690 1356 865 1439 eodemque
887 1355 1044 1439 pertinet,
1068 1355 1155 1439 quod
1176 1356 1264 1442 agri·

140 1459 242 1523 colam
261 1458 436 1523 vendacem
457 1479 527 1522 esse
547 1468 695 1542 oportere
715 1456 807 1520 dixit.
829 1453 982 1519 Fundum
996 1455 1030 1520 in
1046 1455 1307 1522 adulescentiam
1410 1513 1416 1523 .

140 1558 372 1624 conserendum
393 1557 462 1623 sine
478 1558 696 1635 cunctatione,
719 1556 951 1622 aedificandum
971 1576 1036 1620 non
1057 1555 1120 1620 nisi
1143 1555 1265 1623 consito

139 1680 235 1746 agro,
265 1667 341 1723 tunc
369 1679 495 1742 quoque
525 1669 727 1734 cunctantem
763 1667 993 1743 optumumque
1021 1665 1083 1736 est,
1111 1667 1148 1722 ut
1167 1660 1264 1746 volgo

139 1759 265 1837 dixere,
298 1758 402 1823 aliena
428 1759 553 1824 insania
577 1758 655 1836 frui,
689 1758 746 1823 sed
774 1757 820 1821 ita
847 1768 884 1821 ut
910 1756 1057 1821 villarum
1079 1759 1179 1824 tutela
1199 1782 1264 1825 non

140 1860 182 1924 sit
202 1859 301 1925 oneri.
337 1859 424 1923 Eum
446 1871 552 1925 tamen
574 1859 630 1944 qui
652 1859 735 1924 bene
755 1857 879 1923 habitet
902 1858 1030 1944 saepius
1051 1859 1208 1924 ventitare
1230 1858 1265 1925 in

139 1982 254 2047 agrum
286 1960 488 2044 frontemque
521 1960 638 2027 domini
670 1961 744 2046 plus
771 1960 928 2046 prodesse
954 1982 1051 2044 quam
1079 1961 1265 2048 occipitium

139 2083 204 2125 non
224 2060 432 2126 mentiuntur.

180 2160 241 2228 Vl.
265 2166 293 2227 7.
319 2161 440 2227 Modus
461 2161 514 2227 hic
535 2163 689 2248 probatur
709 2173 746 2228 ut
766 2185 872 2246 neque
893 2164 1011 2227 fundus
1032 2163 1140 2228 villam
1162 2184 1262 2245 quae·
1276 2177 1308 2223 ³2

138 2271 198 2340 rat,
231 2285 336 2347 nsque
365 2252 444 2329 'villa
476 2264 623 2342 fundum,
655 2287 730 2343 non,
762 2276 800 2330 ut
831 2264 978 2330 fecerunt
1006 2265 1097 2328 iuxta
1126 2262 1263 2329 diversis

140 2363 252 2447 eadem
279 2373 384 2429 aetate
415 2365 569 2450 exemplis
597 2364 639 2428 L.
668 2365 826 2430 Lucullus
854 2375 885 2431 et
913 2363 955 2446 Q.
980 2363 1151 2442 Scaevola,
1189 2387 1262 2429 cum

139 2464 216 2530 villa
243 2462 416 2530 Scaevolae
449 2467 571 2531 fructus
603 2487 667 2532 non
700 2474 844 2551 caperet,
878 2467 985 2531 villam
1016 2465 1146 2530 Luculli
1173 2488 1261 2550 ager,

138 2585 202 2648 quo
227 2564 261 2629 in
294 2587 412 2652 genere
443 2568 587 2632 censoria
615 2568 782 2652 castigatio
810 2575 878 2631 erat
915 2565 1020 2630 minus
1049 2587 1139 2629 arare
1165 2586 1261 2648 quam

138 2686 275 2729 verrere.
307 2663 378 2730 Nec
404 2666 466 2732 hoc
493 2668 561 2731 sine
582 2678 649 2732 arte
671 2668 810 2750 quadam
832 2676 891 2732 est.
923 2664 1128 2730 Novissimus
1153 2666 1261 2730 villam

137 2764 173 2827 in
196 2764 376 2831 Misenensi
397 2767 507 2852 posuit
530 2765 568 2833 C.
591 2766 717 2832 Marius
740 2767 880 2854 septiens
907 2768 1034 2844 consul,
1063 2766 1120 2830 sed
1145 2766 1261 2851 peritia

138 2874 246 2929 castra
259 2868 423 2947 metantis,
447 2868 493 2934 sic
514 2878 551 2933 ut
571 2880 759 2956 conparatos
782 2869 811 2934 ei
833 2879 957 2933 ceteros
978 2868 1075 2934 etiam
1089 2865 1180 2934 Sulla
1193 2865 1259 2931 Fe.

172 3038 239 3099 §29.
261 3036 473 3095 Cutodererust.
487 3048 546 3100 1,4.
565 3083 597 3092 -
620 3041 672 3099 emi,
685 3057 707 3091 a.
733 3043 802 3102 enim,
815 3045 839 3099 d.
858 3083 889 3091 -
912 3058 1025 3112 agroque,
1037 3058 1060 3092 a.
1087 3039 1269 3111 agrorumque.

139 3104 163 3152 d.
182 3144 213 3152 -
231 3103 329 3167 iudicat,
342 3107 430 3158 Tadr.
449 3105 587 3171 indicat‚ss.
607 3150 637 3159 -
656 3109 781 3172 impensae,
795 3112 818 3158 d.
837 3109 943 3173 inpensa,
955 3127 978 3159 a.

172 3190 187 3251 ξ
200 3193 240 3239 30.
256 3197 350 3252 pascat,
362 3193 467 3242 Barbar.
479 3195 512 3243 K.
526 3233 556 3241 -
576 3192 619 3254 qai
625 3192 756 3255 prosimus,
769 3196 815 3243 ad.
835 3233 866 3242 -
889 3193 913 3241 si
922 3201 962 3241 sat
975 3193 1037 3254 bene,
1054 3194 1090 3242 ita
1100 3208 1147 3243 nos
1159 3193 1260 3257 scripse

140 3271 205 3304 mus.
231 3256 269 3305 ait.
282 3264 309 3304 at
321 3258 383 3318 bene,
395 3261 495 3309 DPad.
519 3260 543 3308 si
552 3260 611 3307 sotir
623 3261 686 3319 bene,
703 3260 758 3310 Ian.
772 3261 838 3310 obss.
851 3261 915 3310 critt.
927 3263 953 3309 in
964 3261 1031 3310 Plin.
1044 3268 1095 3310 nat.
1108 3261 1167 3310 hist.
1180 3276 1204 3324 p.
1219 3265 1260 3311 17.

139 3323 199 3371 coll.
214 3321 266 3372 cie.
279 3326 310 3373 dc
323 3325 388 3374 offic.
401 3325 436 3375 11.
450 3333 490 3387 25,
504 3332 543 3377 89.
567 3327 590 3374 ri
600 3334 657 3374 arat
668 3327 730 3387 bene,
747 3328 851 3377 Barbar.
864 3330 897 3378 K.
920 3328 944 3375 si
953 3325 1099 3376 mediocriter
1108 3342 1205 3390 poscas,
1215 3323 1260 3394 βγ

138 3403 171 3437 ex
184 3388 318 3439 columen.
333 3393 379 3441 VI.
391 3393 468 3456 praef.
481 3396 496 3457 ξ
509 3400 532 3443 4.
552 3434 582 3443 -
602 3393 702 3453 minime,
715 3411 737 3443 a.
756 3435 787 3443 -
806 3392 868 3442 dixit
879 3398 910 3444 de
921 3409 949 3444 re
960 3402 1021 3444 rust.
1034 3401 1057 3454 2,
1071 3397 1093 3445 7.

172 3479 187 3541 ἐ
200 3487 241 3532 31.
264 3481 374 3532 Fundam
390 3485 443 3544 rel,
462 3485 527 3536 Coto
544 3487 575 3534 de
591 3500 618 3534 re
634 3494 695 3535 rust.
708 3491 731 3544 3,
746 3492 768 3535 1.
788 3527 818 3534 ..
844 3485 896 3534 sine
911 3487 1057 3535 currctatmoe
1073 3484 1259 3551 aedificandum,

138 3549 276 3600 omitted.
298 3551 336 3601 Ar
347 3567 370 3600 v.
384 3551 440 3602 cat.
460 3594 491 3602 ..
515 3553 618 3612 consitio,
630 3568 653 3602 a.
673 3593 704 3601 ..
723 3561 860 3601 curzctanter
871 3561 893 3601 et
908 3553 951 3613 ita,
969 3562 994 3602 ut
1005 3552 1114 3602 villarum
1128 3553 1201 3602 tutela
1211 3570 1258 3602 nou

139 3615 171 3666 rit
181 3617 252 3665 oneri.
275 3616 436 3682 Optimumque
448 3628 490 3681 est,
502 3628 528 3668 ut
539 3619 607 3684 uulgo
615 3660 644 3668 -
648 3620 713 3680 frui.
735 3618 798 3668 Eum
812 3628 888 3667 tarrren
901 3621 949 3685 qui,
962 3623 1029 3685 Bint.
1048 3663 1080 3670 -
1098 3637 1154 3681 esse,
1166 3622 1257 3672 Doleo.

139 3722 170 3730 -
189 3691 215 3731 ut
225 3682 303 3747 vulgo,
316 3702 337 3735 a.
356 3686 433 3750 vulgo,
446 3689 470 3736 d.
490 3729 521 3736 ,.
539 3685 602 3734 Eam
616 3695 692 3735 tamen
704 3688 756 3746 rel,
770 3686 835 3737 Cato
848 3690 879 3737 de
890 3703 917 3737 re
929 3695 990 3739 rust.
1009 3696 1033 3738 4.

171 3777 240 3838 532.
254 3776 352 3838 fecerit,
368 3771 438 3827 dud.
453 3780 521 3828 Plin.
533 3780 633 3828 videtur
640 3778 723 3840 fecere
734 3777 762 3827 id
776 3780 911 3842 scripsisse.
930 3822 961 3830 ..
986 3779 1110 3840 diversum,
1123 3782 1167 3829 ad.
1186 3819 1218 3829 ..
1236 3786 1259 3828 ct

141 3840 184 3903 Q
202 3857 248 3905 pro
261 3844 300 3893 his
312 3859 351 3894 vv.
368 3845 519 3909 hebetaque
536 3863 562 3907 a,
581 3854 652 3909 atque
664 3848 688 3895 d.
707 3886 738 3895 ..
754 3847 853 3909 fructus
864 3863 918 3908 noa,
934 3839 995 3898 fiad
1012 3847 1096 3910 (codd.
1110 3849 1187 3896 Turn.
1201 3848 1256 3899 adv.

129 3915 179 3968 ,80,
192 3906 244 3970 18.)
255 3909 360 3974 fundus,
372 3907 423 3976 βγ.
435 3952 466 3960 -
479 3921 581 3976 caperet,
594 3914 668 3963 codd.
681 3914 759 3963 Turn.
777 3922 850 3974 caret,
865 3906 935 3964 Oad.
953 3923 1051 3975 careret,
1063 3911 1113 3976 βγ.
1123 3954 1153 3962 -
1168 3912 1257 3976 villam,

141 3969 389 4040 (ramosarum.)
412 3978 478 4039 oilla,
491 3975 561 4044 asty.
580 4022 612 4030 ..
631 3996 697 4045 ager,
712 3975 777 4031 dau
790 3978 876 4043 (codd.
889 3981 982 4044 Turn.)
1005 3998 1073 4045 apro,
1084 3977 1135 4044 βγ.
1154 4021 1186 4028 -
1204 3996 1256 4029 uar-

138 4050 192 4104 tere,
204 4045 271 4094 Pint.
290 4085 322 4094 -
344 4045 480 4107 Mirineusi,
492 4050 536 4096 ad.
554 4089 584 4096 -
609 4056 690 4098 curru
701 4049 819 4110 metantis,
835 4051 871 4099 ita
882 4065 929 4100 nos
942 4050 1094 4113 scripsimus.
1117 4055 1198 4096 castra
1209 4064 1256 4096 nrm

137 4109 241 4172 taati,a.
264 4111 457 4174 carmamemndi,
474 4110 546 4180 ᾶβγ.
565 4156 596 4164 -
620 4125 777 4178 comparatos,
791 4119 864 4171 codd.
878 4117 933 4168 Gel.
958 4122 1108 4179 conparatas,
1121 4117 1165 4165 ad.
1185 4114 1258 4173 ..oi

136 4184 232 4238 ceteros,
244 4181 318 4229 codd.
331 4180 388 4230 Gal.
406 4187 430 4231 et
440 4188 534 4243 ceteros,
547 4185 571 4231 d.
590 4189 612 4229 et
622 4183 699 4243 ceteri,
711 4198 734 4232 a.

171 4245 247 4298 Pam.
265 4245 314 4302 III.
1011 4245 1052 4316 10
