2896 4792
414 319 484 366 nra.
500 316 562 366 xx.
590 317 669 364 osc.
685 317 758 364 xiv.
787 315 886 364 sacr.
902 317 983 362 aa.
1191 297 1253 364 329

135 480 277 537 vocatur.
302 467 477 536 Gustatum
491 491 511 533 a
525 492 641 555 pecore
657 469 825 556 caprisque
839 466 982 533 balatum
997 466 1146 545 concitat,
1167 467 1255 531 unde

135 573 265 657 quidam
287 568 407 638 Graeci
427 571 533 637 littera
555 580 677 637 mutata
698 569 889 636 blechonem
902 578 1108 636 vocaverunt.
1131 566 1256 632 Natura

136 684 201 738 tam
223 672 353 737 fervens
375 683 425 737 est
445 681 482 737 ut
501 672 609 737 inlitas
623 671 725 760 partis
740 670 913 737 exulceret.
935 668 974 734 In
989 668 1071 735 tussi
1086 691 1127 734 ex
1140 668 1256 754 perfri-

136 773 239 839 ctione
260 773 369 838 fricari
390 783 466 839 ante
488 772 616 840 balinea
638 774 787 840 convenit
806 782 839 838 et
859 781 933 837 ante
948 770 1167 836 accessionum
1181 768 1257 833 hor·

135 895 241 939 rorem
264 874 423 943 convolsis
445 884 478 941 et
500 875 700 941 torminibus.
735 873 895 960 Podagris
916 873 996 937 mire
1017 871 1159 958 prodest,
1182 887 1318 955 spa-157

137 975 224 1040 sticis
254 998 327 1042 cum
354 977 447 1042 melle
475 988 506 1042 et
537 976 602 1042 sale
624 975 799 1041 bibendum
821 974 930 1051 datur,
963 972 1152 1058 pulmonum
1178 970 1257 1035 vitia

137 1075 347 1141 exscreabilia
373 1077 460 1143 facit
498 1078 554 1142 Ad
579 1077 697 1143 lienem
724 1098 797 1141 cum
819 1076 885 1141 sale
907 1075 984 1140 utile
1006 1082 1055 1140 est
1077 1083 1109 1139 et
1129 1072 1258 1139 vesicae

137 1187 169 1242 et
194 1177 341 1264 suspiriis
369 1189 402 1244 et
428 1179 662 1258 inflationibus,
696 1178 864 1243 decoctum
893 1162 971 1242 suco
999 1173 1190 1261 aequaliter,
1224 1184 1259 1239 et
1334 1193 1342 1213 ⁸

137 1278 247 1343 volvas
274 1279 407 1368 corrigit
439 1291 471 1346 et
498 1290 608 1346 contra
634 1278 876 1364 scolopendram
904 1287 1088 1344 terrestrem
1114 1278 1168 1342 vel
1188 1295 1258 1340 ma·

137 1376 250 1457 ninam,
283 1379 362 1445 item
388 1380 584 1467 scorpiones,
618 1379 831 1466 privatimque
862 1379 948 1444 valet
983 1389 1094 1443 eontra
1121 1376 1259 1442 hominis

138 1498 289 1544 morsum.
311 1478 419 1546 Radix
433 1492 545 1547 contra
556 1481 767 1548 increscentia
781 1480 888 1546 ulcera
902 1501 1014 1545 recens
1025 1477 1258 1564 potentissima,

137 1579 229 1645 arida
249 1602 326 1645 vero
348 1583 552 1649 cicatricibus
574 1583 720 1649 decorem
743 1581 856 1646 adfert

181 1681 232 1745 56.
254 1681 337 1747 Item
358 1684 466 1768 puleio
489 1696 538 1749 est
558 1695 760 1772 nepetaeque
783 1683 928 1749 societas.
954 1682 1098 1746 Decocta
1118 1682 1154 1747 in
1175 1702 1260 1767 aqua
1274 1695 1322 1742 las

138 1780 180 1845 ad
202 1782 314 1847 tertias
335 1782 513 1850 discutiunt
534 1785 656 1872 frigora
676 1784 910 1868 mulierumque
932 1785 1103 1848 menstruis
1124 1791 1261 1869 prosunt

138 1891 171 1945 et
191 1892 315 1948 aestate
337 1884 452 1950 sedant
473 1885 605 1952 calores.
641 1885 768 1973 Nepeta
796 1907 924 1973 quoque
952 1885 1030 1952 viris
1057 1894 1168 1950 contra
1191 1905 1259 1950 ser-

137 1983 243 2067 pentis
270 1983 385 2062 habet3
418 1986 541 2052 firmum
571 2011 612 2054 ex
639 2010 678 2054 ea
703 1988 912 2071 nidoremque
941 1986 1088 2075 fugiunt,
1111 2007 1208 2070 quam
1228 1994 1261 2050 et

139 2083 344 2152 substernere
365 2087 398 2152 in
419 2099 509 2155 metu
531 2111 569 2155 eo
590 2089 774 2154 dormituris
793 2089 871 2154 utile
886 2099 944 2155 est.
968 2088 1080 2152 Tunsa
1093 2084 1261 2173 aegilopiis

137 2185 302 2270 inponitur
323 2199 356 2255 et
377 2190 493 2278 eapitis
515 2191 678 2258 doloribus
700 2213 813 2257 recens
836 2212 910 2256 cum
938 2191 1032 2256 tertia
1053 2198 1145 2276 parte
1166 2187 1262 2274 panis

139 2296 317 2372 temperata
337 2301 429 2357 aceto
450 2291 605 2357 inlinitur.
636 2289 743 2357 Sucus
766 2292 834 2356 eius
855 2292 1027 2356 instillatus
1048 2290 1182 2355 naribus
1205 2310 1261 2353 su·

139 2386 224 2472 pinis
245 2388 438 2474 profluvium
460 2392 626 2479 sanguinis
650 2392 743 2469 sistit,
766 2393 844 2455 item
858 2392 950 2456 radix
964 2378 1048 2475 quae
1069 2413 1142 2456 eum
1163 2388 1262 2475 myrti

140 2487 261 2554 semine
282 2488 316 2553 in
337 2511 435 2576 passo
458 2491 567 2578 tepido
588 2492 795 2580 gargarizata
816 2491 943 2578 anginis
964 2492 1120 2557 medetur.

182 2589 233 2654 57.
257 2588 432 2656 (luminum
446 2593 592 2659 silvestre
615 2604 665 2659 est
685 2602 871 2681 praetenue,
895 2593 1057 2677 quaternis
1078 2602 1135 2657 aut
1155 2589 1263 2675 quinis
1277 2605 1325 2650 1⁵9

139 2691 222 2756 foliis
247 2693 343 2758 veluti
367 2694 515 2773 serratis,
539 2695 596 2760 sed
618 2705 655 2760 ut
675 2694 776 2760 sativo
790 2715 930 2781 magnus
943 2715 1033 2771 usus,
1056 2693 1090 2757 in
1105 2689 1263 2758 stomachi

138 2793 313 2881 praecipue
341 2795 503 2862 remediis.
538 2796 682 2864 Discutit
706 2795 858 2884 pituitas,
891 2794 1071 2861 inflationes
1098 2795 1208 2859 tritum
1230 2801 1263 2858 et

140 2917 213 2961 curn
241 2918 326 2984 pane
353 2908 517 2986 sumptum
545 2899 597 2966 vel
624 2909 737 2986 potum
765 2919 806 2964 ax
832 2919 917 2982 aqua
938 2897 1093 2983 vinoque,
1127 2893 1263 2960 tormina

142 3060 171 3119 θ,
190 3067 312 3132 bleramus,
320 3075 344 3123 d.
363 3071 501 3136 alberonem,
512 3090 535 3125 a.
553 3072 672 3136 blociano,
684 3088 725 3138 rr.
745 3071 847 3134 blechon,
858 3068 888 3135 β.
898 3114 929 3122 -
942 3070 973 3121 In
986 3071 1045 3121 aren
1055 3087 1085 3120 ex
1093 3067 1261 3134 perfrictione3

139 3152 185 3200 pro
197 3136 246 3187 hac
257 3140 381 3202 scriptura
391 3136 455 3202 exst
465 3150 584 3192 revocata
592 3144 670 3194 habet
682 3141 741 3190 masi
750 3141 812 3190 inter
815 3139 946 3204 sardonas
955 3135 984 3203 θ,
1003 3139 1063 3189 tarsi
1073 3138 1099 3188 in
1108 3135 1263 3201 perfrictione

139 3221 156 3253 a
160 3219 185 3268 r,
205 3212 255 3253 asso
266 3204 291 3253 in
300 3206 468 3269 perfrictiones
479 3209 532 3258 Td.
549 3206 581 3257 In
593 3209 653 3257 tussi
661 3209 687 3257 in
695 3207 858 3272 perfrictione,
870 3210 974 3259 Barbar.
988 3249 1018 3258 ..
1037 3215 1100 3266 ante,
1112 3206 1157 3254 ad.
1176 3220 1217 3262 nn,
1232 3195 1261 3253 θ.

141 3311 172 3319 ..
191 3269 293 3330 balineo,
309 3264 357 3322 Oa.
385 3271 478 3334 balnea,
495 3270 567 3339 dssr.
585 3316 616 3325 ..
644 3275 798 3324 canaonem
814 3275 954 3338 horroraa.
980 3275 1108 3325 horrorem.
1132 3270 1263 3334 Genuum,

141 3336 277 3386 torminibus
288 3346 311 3386 ct
318 3337 444 3402 podoprir,
455 3341 545 3390 Dulce.

174 3408 261 3469 §157.
288 3406 408 3469 spasticis,
425 3408 493 3457 Pint.
519 3407 627 3471 partini,
643 3401 721 3460 OTd.
749 3405 955 3474 ltcpcticr'a,assr.
975 3450 1006 3459 ..
1028 3403 1263 3466 cammelleetaloe,

88 3526 92 3533 ,
140 3473 208 3530 Pint.
226 3513 258 3523 ..
282 3480 393 3535 estete.
416 3483 446 3535 et,
460 3477 483 3525 d.
502 3517 534 3526 ..
558 3474 684 3526 dorcam.
707 3475 798 3526 Surena
813 3474 988 3538 aequaliterct,
1003 3478 1092 3528 Dalee.
1114 3476 1203 3525 Potius
1215 3473 1262 3522 ali·

141 3541 202 3604 quid
219 3541 343 3592 excidisse
358 3543 468 3605 videtur,
486 3551 516 3594 at
532 3543 585 3594 iere
600 3544 667 3594 Plin.
685 3545 812 3607 scripserit
828 3540 945 3592 doeoctum
962 3559 1021 3592 cam
1109 3559 1175 3604 eaeor
1199 3542 1263 3590 latet

140 3624 235 3658 nomen
246 3609 349 3671 ignotae
359 3611 467 3662 alicuius
479 3612 580 3662 herbae.
600 3653 632 3662 ..
649 3611 801 3675 privatimve,
813 3613 858 3661 ad
884 3610 1019 3676 scorpiones
1030 3609 1093 3660 colet
1102 3608 1263 3674 privatimque
1308 3642 1311 3647 -

141 3684 231 3737 ronna,
243 3678 332 3727 Dalec.
351 3718 383 3727 -
400 3677 558 3741 increscentis,
571 3681 594 3730 d.
614 3721 645 3729 -
664 3695 751 3740 recens,
769 3680 850 3730 omitt.
863 3679 916 3730 Τὰ.
934 3690 965 3728 .‘
984 3678 1091 3742 boam,
1102 3678 1191 3729 Heins.
1204 3677 1262 3725 adv.
1307 3703 1309 3708 ·

175 3813 264 3874 5158.
290 3809 391 3873 Iseum,
407 3814 439 3863 Τ.
464 3855 494 3864 ..
521 3815 639 3875 Decocto,
656 3817 700 3865 ad.
726 3814 833 3864 Deeocta
850 3813 924 3874 enim,
939 3809 990 3879 βγ.
1015 3855 1046 3864 ..
1073 3813 1165 3874 tertios,
1183 3813 1207 3861 d.
1229 3850 1261 3862 .-

138 3876 244 3941 prodest,
256 3882 300 3928 sd.
320 3920 350 3928 -
369 3896 452 3943 qncm3
469 3897 516 3946 pro
529 3883 555 3933 h.
568 3900 591 3934 v.
604 3884 698 3934 habent
713 3883 752 3932 ad
769 3881 860 3945 qualia,
878 3884 945 3933 unde
957 3898 1006 3945 qao
1016 3880 1117 3946 rosolio
1126 3879 1263 3944 legendnm

141 3954 211 4010 puto.
230 3986 262 3995 ..
281 3954 310 4007 et,
324 3962 373 3996 om.
386 3950 410 3998 d.
424 3989 454 3998 ..
473 3949 637 4010 redemeras.
656 3992 687 4000 -
705 3948 886 4011 eodomtituns,
899 3952 923 4000 d.
941 3948 1112 4010 accentari,
1128 3941 1156 3997 θ.
1174 3943 1264 3996 etrier·

141 4012 241 4073 mitaris,
253 4014 285 4063 T.
308 4012 481 4076 obdonnitaris,
493 4014 563 4082 spir.
583 4059 613 4070 ..
639 4015 773 4084 oepilopt'is,
790 4034 813 4068 a.
836 4016 962 4082 capilopis,
974 4013 1024 4078 dss.
1043 4056 1074 4066 ..
1093 4031 1154 4079 qnae
1165 4029 1216 4064 cam
1226 4028 1264 4063 oe·

141 4081 201 4129 mine
213 4080 239 4129 in
252 4080 334 4130 balneo
344 4084 510 4147 parparirato,
522 4101 541 4134 r.

175 4152 190 4213 5
205 4153 260 4198 159.
283 4147 390 4198 silvestre
401 4158 446 4213 cst3
463 4166 509 4215 pro
527 4153 567 4203 his
585 4168 624 4202 vv.
636 4155 715 4204 habet
726 4161 761 4202 cst
771 4152 888 4202 silvestris
899 4169 926 4213 a,
944 4158 979 4201 est
990 4159 1012 4200 et
1023 4149 1129 4200 siluestre
1140 4151 1191 4200 Τὰ.
1215 4147 1264 4201 Ce-

141 4227 223 4269 terum
234 4232 258 4266 v.
270 4218 389 4268 Dioscor.
401 4225 425 4279 8,
439 4225 479 4270 tl.
492 4223 532 4270 ⁶2.
554 4260 584 4269 -
607 4218 651 4269 scd
661 4227 694 4282 nt,
706 4238 729 4272 a
756 4218 836 4283 sedat,
845 4222 869 4271 d.
896 4217 940 4269 scd
950 4215 1047 4284 etpssr.
1067 4259 1099 4270 ..
1121 4217 1264 4283 irrslotionoc,

141 4286 186 4335 ad.
204 4291 226 4333 et
237 4283 379 4349 irrstotioncs,
391 4280 442 4349 βγ.
925 4310 929 4317 “
