2896 4792
199 266 239 331 62
549 279 752 328 unruamrs
774 277 969 328 msroumn

199 453 283 499 anno
303 429 360 516 qui
373 429 435 494 fuit
447 429 516 494 sine
531 429 772 515 magistratibus
786 450 958 495 cocum.
974 428 1065 495 urbis
1079 426 1158 495 aede
1172 430 1314 509 condita,
1398 497 1405 502 ,

196 534 356 599 incertum
385 531 458 615 ipsa
489 540 608 612 quanto
640 530 809 606 vetustior3
844 553 915 596 esse
947 531 1076 621 quidem
1108 533 1316 597 vetustiorem

197 656 263 700 non
284 643 335 698 est
355 630 503 707 dubium,
537 648 611 695 cum
635 629 677 694 ab
705 651 743 695 eo
764 631 838 697 luco
860 630 987 696 Lucina
1006 624 1202 710 nominatum
1236 631 1317 697 haec

198 756 284 799 nunc
306 732 432 798 circiter
452 753 571 796 annum
592 752 699 796 eccon.
721 730 828 797 habet.
849 731 1026 815 Antiquior
1041 742 1101 810 est,
1124 732 1182 796 sed
1195 733 1318 798 incerta

199 836 269 902 eius
283 845 381 912 aetas,
400 854 483 917 quae
497 831 645 917 capillata
659 831 786 910 dicitur,
801 832 950 915 quoniam
960 830 1140 898 Vestalium
1153 832 1317 918 virginum

199 937 334 1023 capillus
356 934 398 998 ad
419 956 489 998 eam
510 931 659 997 defertur.

241 1039 293 1105 86.
325 1035 447 1102 Verum
468 1033 568 1098 altera
588 1032 672 1098 lotos
691 1033 726 1097 in
745 1032 928 1111 Volcanali,
954 1034 1040 1118 quod
1061 1033 1217 1100 Romulus
1239 1056 1315 1099 con·
1330 1051 1381 1096 rao

200 1138 301 1206 stituit
320 1159 361 1202 ex
382 1135 515 1200 victoria
536 1135 577 1199 de
599 1134 754 1212 decumis,
776 1156 940 1218 aequaeva
960 1134 1033 1200 urbi
1051 1134 1257 1220 intellegitur,
1279 1148 1317 1200 ut

199 1251 311 1307 auctor
332 1234 383 1303 est
401 1235 602 1311 Massurium
629 1236 754 1301 radices
775 1237 844 1301 eius
865 1236 899 1299 in
919 1237 1023 1301 forum
1043 1258 1145 1320 usque
1168 1235 1318 1303 Caesaris

199 1364 259 1429 per
273 1338 427 1406 stationes
440 1335 687 1421 municipiorum
701 1347 879 1420 penetrant.
901 1336 981 1402 Fuit
999 1359 1073 1402 cum
1092 1359 1131 1401 ea
1145 1359 1319 1422 cupressus

201 1440 341 1527 aequalis
363 1438 449 1503 circa
470 1459 617 1524 suprema
629 1436 767 1503 Neronis
787 1439 943 1524 principis
963 1440 1113 1525 prolapsa
1127 1450 1222 1522 atque
1236 1460 1317 1526 neg-

199 1547 292 1611 lecta.

242 1646 293 1710 87.
319 1639 486 1708 Vetustior
505 1650 614 1704 autem
634 1638 715 1703 urbe
735 1639 770 1702 in
790 1638 948 1705 Vaticano
969 1640 1044 1718 ilex,
1066 1641 1100 1704 in
1120 1662 1184 1724 qua
1206 1642 1318 1707 titulus
1331 1654 1380 1701 237

200 1744 302 1811 aereis
327 1740 443 1806 litteris
468 1738 615 1805 Etruscis
647 1740 801 1826 religione
828 1738 974 1805 arborem
999 1740 1064 1804 iam
1092 1751 1160 1806 tum
1187 1743 1318 1828 dignam
1389 1788 1393 1793 -

201 1847 301 1912 fuisse
316 1840 484 1929 significat.
507 1838 661 1904 Tiburtes
682 1862 809 1925 quoque
831 1839 988 1925 originem
1001 1843 1101 1907 multo
1116 1853 1189 1906 ante
1203 1842 1318 1908 urbem

200 1949 337 2014 Romam
357 1941 490 2017 habent3
516 1941 604 2025 apud
632 1963 688 2005 eos
710 1951 838 2006 exstant
857 1940 946 2006 ilices
968 1952 1034 2007 tres
1056 1942 1152 2008 etiam
1172 1941 1318 2008 Tiburno

204 2048 368 2117 conditore
390 2065 500 2109 eorum
520 2043 722 2120 vetustiores,
744 2043 831 2127 apud
845 2064 925 2126 quas
938 2043 1150 2130 inauguratus
1164 2043 1316 2121 traditur3

200 2151 301 2216 fuisse
323 2157 431 2211 autem
452 2165 526 2208 eum
546 2143 677 2207 tradunt
701 2143 802 2207 filium
824 2142 1014 2230 Amphiarai
1040 2145 1096 2229 qui
1124 2145 1211 2231 apud
1229 2144 1316 2210 The-

202 2253 262 2317 bas
283 2247 398 2314 obierit
417 2267 482 2309 una
503 2253 609 2308 aetate
631 2253 706 2308 ante
726 2242 861 2308 Iliacum
881 2243 1009 2311 bellum.

245 2352 296 2416 88.
316 2346 415 2413 'Sunt
440 2354 586 2410 auctores
614 2354 647 2408 et
667 2343 858 2430 Delphicam
879 2346 1044 2430 platanum
1064 2345 1318 2434 Agamemnonis
1332 2359 1381 2405 aaa

203 2473 299 2517 manu
331 2458 432 2512 satam
463 2455 494 2510 et
526 2444 656 2510 alteram
682 2445 717 2509 in
747 2443 890 2532 Caphyis
922 2445 1082 2512 Arcadiae
1114 2447 1196 2512 luco.
1234 2442 1320 2511 Sunt

203 2550 298 2617 hodie
330 2570 371 2612 ex
402 2546 537 2611 adverso
568 2544 736 2610 Iliensium
766 2545 856 2610 urbis
887 2547 979 2612 iuxta
1010 2546 1254 2633 Hellespontum
1284 2548 1319 2612 in

204 2648 372 2715 Protesilai
392 2648 464 2733 ipso
486 2645 654 2730 sepulchro
675 2645 817 2726 arbores,
837 2669 919 2732 quae
940 2649 1087 2714 omnibus
1108 2672 1149 2714 ex
1170 2672 1207 2713 eo
1229 2650 1319 2714 aevis

205 2775 278 2817 oum
304 2750 338 2814 in
364 2758 487 2813 tantum
513 2748 685 2813 adcrevere
723 2757 760 2812 ut
787 2747 883 2812 Ilium
908 2748 1103 2834 adspiciunt,
1134 2750 1319 2814 inarescunt

204 2872 377 2934 rursusque
398 2847 586 2914 adulescunt
593 2872 602 2923 ;
624 2849 714 2912 iuxta
734 2847 848 2913 urbem
868 2859 976 2913 autem
997 2870 1135 2933 quercus
1155 2848 1190 2912 in
1203 2848 1245 2912 Ili
1267 2859 1318 2913 tu·

205 2954 292 3017 mulo
313 2961 390 3014 tunc
411 2958 497 3013 satae
519 2948 677 3026 dicuutur,
699 2970 773 3013 cum
793 2948 899 3033 coepit
918 2947 1013 3013 Ilium
1035 2948 1151 3013 vocari.

240 3158 255 3219 5
265 3158 323 3205 235.
339 3151 544 3217 OOOLXXIX,
556 3159 631 3223 Pigh.
643 3156 737 3207 annali
750 3158 849 3216 1,254.,
860 3155 971 3219 Foggini
987 3155 1019 3204 ad
1036 3153 1093 3205 fast.
1101 3155 1230 3205 Praenest.
1242 3170 1267 3218 p.
1277 3160 1319 3204 22.

210 3219 467 3286 commacu.
485 3265 514 3274 -
539 3225 586 3287 ubi,
600 3227 623 3274 d.
642 3265 673 3274 ..
691 3221 852 3286 quuntos‘psa,
869 3224 921 3274 Tei.
941 3263 972 3272 ..
994 3219 1117 3284 GOOOL,
1130 3224 1210 3272 omitt.
1223 3224 1268 3271 ad.
1290 3261 1315 3270 -

207 3290 336 3419 Antipater
351 3299 397 3352 cst,
413 3293 451 3342 ita
466 3307 514 3343 nos
528 3293 681 3357 scripsimus.
707 3289 875 3354 antiquiorem,
891 3307 914 3341 a.
940 3290 1072 3354 animatur,
1088 3291 1113 3340 d.
1138 3289 1261 3353 undosior
1276 3288 1320 3338 alla

208 3366 250 3418 ⁶⁸2,
293 3372 318 3421 Y·
585 3368 590 3379 '

241 3427 257 3489 5
268 3431 326 3474 236.
343 3426 410 3486 alter,
422 3427 467 3475 ad.
485 3467 517 3475 ..
535 3423 572 3485 ds,
584 3427 665 3475 omitt.
678 3425 722 3474 ab.

242 3493 326 3556 5237.
349 3491 468 3555 mutum,
484 3487 554 3542 Oad.
580 3492 629 3541 ium
645 3499 710 3553 tanc,
725 3487 755 3553 β.
774 3532 806 3541 ..
832 3491 935 3556 siquam
951 3494 984 3543 K
1002 3533 1033 3542 -
1061 3491 1178 3550 Taburno,
1195 3493 1231 3540 ad
1248 3487 1319 3550 (cod.

208 3559 324 3609 Torreut.
341 3563 374 3610 ad
387 3561 478 3610 Horat.
496 3575 572 3610 carm.
588 3560 608 3609 Ι.
623 3558 712 3622 7,13.)
742 3559 848 3621 ruera,
863 3562 938 3610 codd.
953 3561 1066 3619 Barbari,
1082 3560 1116 3609 K.
1146 3558 1250 3615 morso,
1266 3554 1318 3621 βγ.

208 3627 242 3676 V.
254 3626 338 3676 Hand.
350 3629 383 3676 ad
395 3627 458 3677 Stat.
471 3627 525 3677 silv.
536 3629 558 3678 1.
570 3634 595 3689 3,
609 3631 648 3678 74.
659 3643 684 3691 p.
697 3633 755 3677 448.
1426 3664 1431 3677 .

242 3692 328 3754 5238.
353 3691 464 3758 Caphpir,
476 3695 606 3759 Theophr.
618 3696 636 3744 l.
648 3696 665 3744 l.
678 3695 725 3744 IV.
739 3701 779 3754 1³,
791 3700 815 3744 2.
840 3689 955 3756 Oaplsiar,
970 3685 999 3741 θ.
1025 3688 1125 3755 Ooplic,
1142 3693 1187 3740 ad.
1207 3731 1238 3740 ..
1262 3689 1319 3752 laco,

210 3775 261 3810 om.
268 3762 336 3810 Piut.
349 3801 381 3810 ..
393 3759 525 3810 Protesi&
534 3761 586 3823 ipso
596 3760 725 3824 sepulelsro,
737 3763 773 3811 ita
782 3775 831 3810 nos
841 3761 994 3824 scripsimus.
1012 3757 1140 3807 Romilia
1151 3757 1205 3821 ipsa
1214 3756 1320 3821 pulchra,

209 3830 254 3877 ar¹
261 3831 279 3876 ².
301 3825 434 3877 Protesilao
444 3827 469 3875 in
479 3826 608 3890 sepulchro,
620 3831 644 3877 d.
666 3826 798 3876 Protesilai
806 3824 919 3890 sepulcro,
930 3822 981 3890 βγ.
1000 3866 1031 3875 ..
1050 3841 1080 3874 ea
1090 3841 1117 3872 so
1128 3825 1200 3886 uersi,
1212 3826 1320 3877 Salmas.

195 3896 434 4024 arcuati
443 3892 783 4025 1211112121·
794 3890 1320 4024 88811.Μί1.11111.118.118,“ρῖ

210 4027 282 4089 aevu,
293 4043 318 4093 γ.
330 4047 369 4078 ’..
387 4025 562 4091 adspiciuntur.
580 4068 611 4077 ..
631 4035 727 4088 tanao„
745 4042 804 4086 cum,
817 4028 841 4075 (1.
859 4066 889 4075 ..
907 4042 967 4088 urm,
979 4042 1030 4076 om.
1042 4029 1067 4077 d.

245 4094 330 4155 5289.
348 4095 485 4157 adamnano,
498 4112 520 4146 a
538 4095 671 4155 ctimmsm,
684 4088 755 4158 θᾶγ.
773 4093 923 4154 nuncetiam,
934 4089 964 4155 β.
983 4136 1013 4144 -
1033 4102 1133 4156 mamm,
1145 4097 1247 4146 DTad.
1265 4095 1321 4144 Iam

211 4163 1323 4295 {luiticilitiiillitis{iiiiii-”litittilittfftlll0tttt

458 4267 464 4290 2
1111 4267 1118 4292 l
